2836 4934
530 287 674 369 Ἵππερος.
1059 294 1119 358 157

85 533 224 618 remiges
253 532 393 597 invisam
420 531 679 598 adhortabantur
704 530 867 621 (Blayd.)‚
892 534 1012 621 legitur
1035 533 1121 623 apud
1201 588 1205 594 .

84 655 253 741 Aristoph.
289 654 324 718 in
355 652 414 740 Eq.
448 676 479 721 v.
512 656 595 718 602:
639 653 822 732 ἐμβαλόντες
854 654 1042 739 ιῖνεφρύαξαν
1073 657 1121 720 ι’π·

84 780 206 852 παπαῖ,
238 774 283 846 τίς
315 772 465 856 ἐμβαλεῖς
492 772 619 839 Schola
643 773 676 838 τὸ
701 773 730 840 δὲ
754 775 896 839 ι’ππαπαῖ
912 774 1013 853 ἔπαιξε
1038 778 1121 858 παρα

82 895 115 960 τὸ
145 897 310 977 ῥυππαπαῖ
339 895 451 976 εἰρηκὼς
482 897 517 968 ὡς
550 895 597 961 ε’πῖ
629 894 733 966 ἵππιον.
766 898 829 964 ἔστι
853 898 880 963 δὲ
905 898 938 963 τὸ
960 901 1125 980 ῥυππαπαῖ
1172 907 1175 914 “

84 1021 261 1104 ἐπιφώνημα
295 1023 437 1087 ναυτικόν.
475 1024 692 1088 Ῥυππαπαῖ
724 1025 843 1111 legitur
878 1023 965 1112 apud
997 1025 1054 1090 Ar.
1086 1026 1120 1089 in

86 1142 171 1210 Ran.
208 1145 293 1208 1073
325 1149 359 1209 et
390 1145 490 1232 Vesp.
524 1147 607 1211 909:
635 1144 786 1211 δεινότατα
809 1148 869 1228 γὰρ
892 1147 981 1228 ἔργων
1004 1147 1119 1229 δέδρακε

86 1263 163 1340 aaut
201 1263 251 1328 καῖ
286 1265 320 1330 τὸ
353 1267 524 1346 ῥυππαπαῖ.
571 1266 644 1331 Ηοο
683 1267 754 1332 loco
792 1274 968 1355 usurpatur
1005 1299 1044 1323 =
1082 1269 1114 1332 τὸ

90 1382 225 1448 ναυτικόν
249 1382 278 1470 (o‘
301 1381 452 1462 ναυβάτης
476 1382 575 1473 λεώς).
601 1385 649 1450 Of.
673 1385 809 1473 praefat.
834 1389 852 1472 ᾗ
877 1389 895 1451 6
920 1392 954 1453 ot
978 1389 1008 1452 9.

128 1502 276 1586 ἵππερος
303 1505 456 1589 „insanus
480 1528 570 1572 amor
593 1508 771 1594 equorum”
788 1508 910 1595 legitur
925 1508 1012 1598 apud
1029 1510 1119 1575 Aris·

86 1628 261 1715 tophanam
294 1628 330 1692 in
360 1628 447 1694 Nub.
482 1652 512 1695 v.
551 1631 610 1696 74:
646 1625 764 1711 ῖππερρν
798 1654 855 1707 μου
883 1632 1027 1712 κατέχεεν
1063 1639 1118 1697 τῶν

85 1749 254 1831 χρημάτων.
286 1750 378 1814 Inest
410 1750 524 1815 allusio
556 1749 597 1815 ad
629 1747 821 1818 vocabulum
853 1750 978 1836 ῖκτερος,
1015 1756 1118 1821 morbi

85 1889 214 1938 nomen.
239 1870 365 1937 Schoi:
391 1869 493 1947 ἔπαιξε
517 1873 599 1954 παρα
623 1871 671 1937 τὸν
694 1870 819 1955 ἴκτερον,
850 1874 981 1954 νόσημα,
1005 1873 1019 1940 ὃ
1042 1901 1119 1958 περι-

80 2003 184 2076 χεῖται
216 2002 283 2067 ταῖς
314 1993 397 2076 tusa
430 2000 486 2060 τῶν
516 1995 678 2062 νοσούντων.
712 1997 760 2062 Of.
786 1997 863 2070 νροος
893 1998 998 2074 ἱππική
1030 2000 1117 2066 Nub.

79 2114 160 2183 243.
188 2153 229 2164 —
254 2115 340 2181 Vide
363 2115 498 2203 praefat.
524 2117 541 2200 ξ
565 2118 596 2183 9.

123 2235 270 2308 ἱππικός
304 2236 339 2301 in
370 2236 569 2323 superlativo
601 2236 721 2324 legitur
752 2237 839 2324 apud
862 2239 1116 2327 Aristophanem

68 2352 112 2421 in
144 2357 225 2443 Lys.
257 2379 289 2424 v.
321 2358 402 2422 677:
438 2357 636 2423 ἱππικώτατον
665 2356 724 2438 γάρ
756 2358 817 2423 εὀτι
848 2366 954 2440 χρῆμα
984 2358 1117 2440 κῖοποχον

59 2479 154 2554 γυνή
180 2499 278 2544 sensu
301 2478 463 2545 obscoeno
488 2477 529 2545 ds
552 2470 801 2545 mulieribus:
829 2481 926 2562 „artis
950 2481 1118 2568 equitandi

58 2599 179 2666 valde
212 2597 367 2688 paritus'',
399 2598 487 2688 quod
510 2608 560 2667 est
586 2601 675 2667 notio
699 2601 829 2689 propria
852 2601 939 2689 apud
962 2602 1116 2690 Xenoph.

55 2721 205 2791 anon.
230 2725 262 2788 9.
285 2723 346 2807 20;
370 2725 423 2792 21.
443 2726 472 2789 ἵ.
489 2724 575 2789 Plat.
592 2724 682 2789 Prot.
701 2724 766 2788 350
777 2745 807 2809 a,
825 2729 887 2789 eta.
910 2722 1003 2790 Idem
1018 2725 1117 2811 signi·

52 2843 159 2909 fleat
189 2866 259 2912 νου.
292 2846 426 2927 ἔποχος
464 2843 595 2933 (eodem
626 2847 730 2931 1000),
754 2845 841 2932 quod
865 2847 994 2934 propriu
1018 2868 1115 2913 sensu

50 2965 204 3052 legitur
227 2965 313 3054 apud
337 2968 423 3033 Xan.
448 2967 522 3055 Oyr.
549 2969 577 3032 1.
603 2970 634 3034 4.
660 2970 689 3032 4.
714 2968 774 3055 Eq.
797 2970 897 3036 8.10.
922 2969 1010 3034 Plut.
1034 2969 1116 3039 Mar.

53 3090 139 3154 34.
162 3091 288 3157 Schola
320 3091 475 3171 δυνάμενον
497 3092 678 3172 ἐποχεῖσθαι.
705 3091 853 3158 Conferri
868 3097 978 3181 potest
993 3093 1115 3166 λευκὸς

52 3206 204 3297 ἵππος,
235 3213 322 3301 quod
353 3219 451 3302 poeta
482 3219 617 3303 usurpat
648 3214 682 3279 in
706 3214 782 3300 Lys.
806 3236 836 3278 v.
864 3215 938 3281 191.
965 3216 1043 3282 193;
1072 3215 1114 3297 ,,εῖ

54 3332 183 3398 λενκρν
217 3335 300 3399 ποθεν
332 3330 419 3399 ῖππον
449 3334 597 3414 λαβοῦσαι
629 3335 727 3411 τόμιον
758 3333 981 3419 ἕντεμοῖμεθα”,
1006 3334 1115 3416 παῖζον

57 3446 152 3524 πρὸς
180 3455 214 3518 τὸ
245 3452 364 3533 αἰδοῖον,
399 3460 437 3520 ut
467 3455 611 3542 loquitur
638 3455 737 3520 schol.
771 3454 820 3523 cf.
843 3456 981 3521 Aristot.
1005 3456 1049 3521 H.
1073 3456 1114 3522 A.

68 3569 117 3630 6·
149 3577 200 3644 18.
231 3576 305 3643 Ael.
330 3577 372 3642 N.
396 3576 437 3642 A.
462 3579 493 3642 4.
520 3579 579 3662 113
609 3566 709 3650 κεναῖς
740 3574 827 3651 ἵππος
860 3598 959 3643 sensu
989 3578 1116 3665 vulgari

71 3694 135 3754 0⁸&
165 3721 219 3788 ap.
255 3698 378 3765 Herod.
416 3702 445 3765 ἵ.
484 3703 557 3766 113.
589 3701 725 3767 Lucian.
758 3700 869 3787 Scyth.
904 3704 935 3792 2.
960 3739 1002 3749 -
1030 3701 1115 3768 Vide

69 3820 179 3886 Pl'staf.
205 3821 224 3904 ξ
247 3820 268 3884 4
292 3825 326 3886 et
348 3841 418 3888 voc.
443 3820 528 3897 κέλης
551 3828 585 3889 et
610 3822 778 3904 κελητίζειν.

126 3933 383 4024 ἱπποκάνθαρος
411 3964 534 4032 „aquus
558 3942 769 4010 scarabaeus'’
786 3943 907 4030 legitur
922 3918 1008 4030 apud
1025 3942 1115 4007 Aris·

78 4043 259 4141 i0phanem
282 4065 317 4130 in
340 4065 417 4131 Pau.
441 4088 471 4131 v.
498 4067 578 4131 181:
602 4065 681 4132 τουτὶ
706 4067 737 4131 τῖ
759 4068 820 4131 εὀτι
845 4064 879 4130 τὸ
900 4064 1006 4150 κακρν;
1029 4065 1115 4130 ἷππο·

80 4170 225 4267 κοἷνθαρος.
258 4186 382 4253 Sahoi:
410 4185 513 4264 ἔπαιξε
537 4187 619 4267 παρα
643 4190 676 4253 τὸ
699 4187 924 4268 ἱπποκένταυρος
949 4183 1004 4275 (ef.
1028 4185 1113 4252 Plat.

84 4282 220 4376 Phaedr.
247 4308 353 4376 arad.
379 4310 465 4377 Xan.
489 4311 562 4398 Οτι.
589 4313 620 4377 4.
646 4314 676 4376 3.
705 4313 756 4379 17.
780 4312 859 4377 Lus.
877 4311 1027 4378 Hermot.
1047 4311 1113 4394 72).
