2836 4934
191 294 234 357 80
609 293 801 372 Γοργόνωποο.

190 537 394 623 tragicorum.
430 536 476 604 cf.
513 537 664 616 yopycrrdc
695 538 772 603 Eur.
804 538 876 602 Ion.
908 538 980 603 210.
1013 537 1112 602 Herc.
1145 537 1223 601 868.

189 658 312 738 γοργώψ
342 660 442 725 Elect.
478 662 572 725 1257.
597 667 743 741 γοργῶπνς
768 660 869 748 Soph.
892 660 945 725 Ai.
969 661 1043 724 452.
1069 696 1112 707 -
1136 656 1224 725 Vide

190 780 326 867 praefat.
350 782 368 865 ξ
392 783 422 846 8.

234 901 459 980 γοργόνοπος
484 900 559 967 vide
583 902 624 967 ad
648 923 717 967 voc.
742 901 941 985 γοργολόφας.

235 1021 394 1104 aperilem
432 1023 665 1110 „despumare”
696 1024 817 1109 legitur
848 1021 934 1109 apud
967 1020 1223 1108 Aristophanem

71 1193 74 1200 .
190 1142 223 1206 in
255 1142 293 1207 fr.
326 1144 400 1209 446.
435 1142 612 1210 01Βο01.
637 1144 763 1210 Anecd.
789 1147 840 1210 88.
867 1147 901 1212 l:
926 1143 1072 1226 γραῖζενν·
1096 1142 1168 1210 ὅταν
1193 1143 1225 1209 τὸ

190 1263 386 1341 συναγόμενον
408 1264 437 1328 ἐν
460 1272 527 1338 ταῖς
551 1264 677 1346 χύτραις
701 1267 750 1331 καὶ
775 1265 933 1348 ἕπαφρίζον
957 1268 1105 1348 ἐκχέωσιν.
1130 1272 1225 1348 Γραῦς

192 1389 336 1473 (spuma,
360 1409 443 1474 quae
468 1387 508 1454 de
532 1389 617 1455 lacte
641 1390 694 1455 vel
717 1411 802 1477 aqua
825 1390 972 1456 fervente
997 1388 1224 1478 despumatur)

191 1511 241 1572 001
265 1530 317 1595 00.
341 1509 509 1597 Aristoph.
532 1512 567 1576 in
590 1512 679 1578 Plut.
704 1513 844 1577 01206.
869 1512 1004 1577 Aristot.
1028 1533 1102 1598 gen.
1126 1513 1224 1577 anim.

193 1634 223 1697 2.
249 1633 279 1698 6.
303 1631 426 1697 Athen.
454 1635 504 1696 13.
530 1634 594 1698 585
613 1654 637 1697 0.
672 1633 723 1698 De
747 1633 941 1699 formatione
966 1632 1006 1697 01.
1030 1630 1225 1713 βαρβνπίζειν.

191 1750 277 1816 Vide
300 1751 437 1840 praefat.
460 1754 478 1836 ξ
502 1751 566 1833 3ζ.

235 1872 437 1954 marellias
470 1874 557 1961 apud
587 1874 841 1961 Aristophanem
872 1874 906 1938 in
938 1874 1014 1938 Pac.
1047 1896 1077 1938 v.
1108 1874 1173 1938 812
1207 1894 1227 1938 0

192 1993 366 2058 scholiasta
389 1995 572 2083 explicatur
595 1996 774 2078 γραᾶφνλος,
802 1995 865 2078 περὶ
889 1999 985 2076 γραῶν
1009 1996 1100 2078 ἔρωτα
1121 1997 1225 2070 ἐπτοη-

192 2114 293 2192 μένος,
317 2115 382 2181 ἀντὶ
407 2122 457 2182 τοῦ
480 2123 573 2197 yrcis
597 2118 716 2198 ὀχεύον.
745 2119 909 2195 Σοβοίδες
933 2119 1121 2187 meretrices
1138 2117 1226 2184 dice·

191 2236 312 2302 bantur
342 2237 472 2304 secund.
505 2239 621 2323 schol.;
654 2239 699 2303 sic
730 2239 816 2326 apud
848 2239 991 2326 Eupolin
1017 2238 1114 2303 infr.
1140 2240 1224 2304 344:

192 2359 273 2437 ποοροὶ
297 2359 390 2441 apicii
414 2360 450 2425 σὺ
474 2370 510 2442 τῇ
534 2360 640 2438 noticiis
664 2358 860 2447 xcrnyciyou3
884 2362 928 2427 H.
954 2361 1069 2448 steph.
1093 2360 1224 2426 advoc.

190 2480 356 2559 γραοσόβνς
392 2487 548 2546 annotat:
588 2483 718 2569 „procul
754 2482 853 2548 dubio
888 2483 923 2547 in
958 2483 1111 2569 ambiguo
1145 2482 1225 2547 lusit

191 2609 306 2689 poeta,
331 2604 478 2691 intellegi
506 2605 618 2670 volens
642 2605 738 2670 simul
762 2611 795 2670 et
819 2606 1001 2671 vetularum
1017 2605 1059 2671 ab
1076 2604 1225 2671 emendis

192 2724 334 2811 piscibus
359 2725 527 2791 abactores
553 2748 577 2790 s.
603 2726 810 2814 depulsores,
835 2725 975 2814 ideoque
1000 2725 1136 2814 piscium
1153 2726 1222 2791 avi·

191 2844 340 2911 dissimos
364 2852 547 2927 voratores,
572 2854 605 2914 et
621 2850 803 2914 vetularum
819 2856 997 2928 amatores,
1012 2847 1223 2931 γραοφίλοος”,

192 2988 275 3055 quae
300 2990 317 3033 e
342 2969 441 3034 schol.
466 2970 571 3056 petita
594 2969 756 3035 videntur.
782 2968 835 3035 Ad
856 2970 991 3035 formam
1009 2969 1048 3034 01.
1066 2967 1222 3046 μοιοοόβνς

191 3112 243 3178 00.
268 3090 407 3155 Paulum
432 3089 641 3156 Silentarium
666 3091 701 3155 in
723 3090 859 3155 Anthcl.
884 3089 944 3156 IX.
971 3091 1054 3173 7643
1079 3089 1222 3177 00001βο

189 3210 310 3296 legitur
333 3233 384 3298 00.
408 3211 572 3298 Anaxipp.
597 3213 627 3274 4.
653 3213 733 3290 466,
758 3211 911 3277 Menaud.
936 3213 965 3276 4.
990 3213 1072 3290 219,
1097 3216 1131 3278 et
1146 3210 1221 3276 Ael.

190 3333 234 3397 H.
259 3333 300 3398 A.
328 3335 377 3398 15.
404 3335 454 3398 14.
480 3332 603 3407 Vocab.
628 3333 793 3411 γραοσόβνς
818 3333 857 3401 cf.
882 3333 980 3421 praef.
1005 3336 1104 3418 §lm

234 3452 437 3533 γροποέεπος
464 3454 552 3535 „avis
576 3460 775 3539 monstrosa,
801 3455 903 3521 mixta
927 3476 969 3520 ex
989 3455 1170 3541 aquilarum
1188 3461 1222 3521 et

110 3661 116 3675 .
188 3597 326 3663 grypum
350 3575 502 3662 genere''‚
528 3575 695 3641 invenitur
718 3573 804 3662 apud
830 3575 998 3663 Aristoph.
1021 3574 1057 3639 in
1080 3573 1164 3640 Rau.
1190 3597 1221 3639 v.

189 3698 270 3764 929:
288 3698 335 3760 ἐπ’
350 3696 478 3762 italica
492 3697 615 3768 ἐπόντας
629 3696 810 3777 γρυπαὲτονς
823 3695 1045 3778 χαλκηλάτους.
1063 3697 1222 3771 'Balenae

187 3823 256 3884 erat
279 3819 410 3903 ἀσπίδος,
427 3824 464 3883 01
481 3819 587 3905 inquit
604 3818 797 3885 Scholiasta.
815 3815 1124 3885 0100000000.
1142 3818 1221 3883 395.

188 3941 353 4020 Γροποὶεπος
377 3941 534 4006 00110100
558 3939 754 4026 composita,
780 3960 863 4026 quae
888 3939 1073 4025 copulativa
1093 3936 1222 4018 ratione

189 4062 375 4150 finguntur3
410 4062 506 4126 huius
541 4061 669 4148 generis
704 4062 807 4126 multa
842 4067 918 4126 sunt
951 4060 1102 4148 exempla
1133 4060 1222 4146 apud

189 4185 461 4272 Aristophanem,
494 4183 550 4270 qui
580 4183 739 4249 vocabula
761 4183 818 4248 illa
841 4183 882 4248 ad
906 4184 1012 4248 iocum
1036 4182 1224 4270 exprimen-

190 4309 266 4374 dum
298 4309 420 4374 comice
451 4307 617 4392 formavit,
651 4307 690 4371 01.
722 4307 931 4386 ἱπποκάνθαρος
955 4307 1031 4371 Pac.
1059 4307 1131 4380 181,
1155 4329 1222 4369 κον·
