2836 4934
183 303 225 367 48
602 301 796 385 Ἀρρενόποος.

179 549 260 615 Poll.
285 537 315 613 4'.
342 551 383 614 57
409 550 542 637 Eupolis
566 537 696 632 ἀρμορὶρν
721 551 851 618 dicebat
870 553 921 628 riv
936 554 1074 635 ἀρμονόον
1090 557 1213 644 ipsam3

180 672 296 752 ἀρμονό
320 678 370 738 eet
397 671 589 754 „iunctura”
614 674 731 759 (μερῶν)
754 697 803 761 ap.
820 675 936 762 Polyb.
957 679 985 742 6.
1004 679 1056 742 18.
1077 680 1106 746 1.
1129 680 1212 745 Luo.

179 794 277 859 Alex.
311 796 351 859 14
383 799 417 860 et
447 795 488 859 al.
521 795 659 883 aequior.
683 795 769 862 Vide
794 797 929 883 praefat.
953 799 971 882 ὅ
995 799 1072 884 2β,
1097 801 1213 884 ἀρμόζω

180 915 232 998 (de
262 915 330 981 reb.
362 915 488 1000 musio.)
518 915 625 981 Maoh.
658 918 686 981 4.
718 919 792 982 497.
824 918 909 983 Plat.
934 920 1018 1007 Rep.
1045 924 1072 987 1.
1097 924 1162 988 349
1180 945 1211 989 e.

179 1038 301 1105 Phaed.
326 1040 367 1102 85
384 1059 411 1104 e.
432 1038 489 1102 Ar.
512 1037 572 1126 aq.
598 1039 675 1121 989,
698 1044 772 1123 eto,
796 1037 919 1117 ἀρμονόω
944 1040 1040 1107 Pind.
1061 1045 1091 1111 4.
1109 1046 1152 1109 45
1168 1045 1211 1110 al.

183 1161 257 1228 Voo.
288 1160 432 1248 pertinet
463 1160 504 1225 ad
536 1160 668 1225 nomina
698 1159 886 1228 deverbalia
916 1163 951 1227 in
982 1190 1011 1236 -ν
1044 1165 1209 1232 actionem

177 1281 269 1347 verbi
291 1280 480 1349 indicantia.
505 1279 552 1346 Of.
575 1282 734 1362 καταχήνη
751 1282 809 1350 Ar.
826 1282 925 1370 Verp.
943 1286 1018 1351 575.
1034 1283 1119 1353 ΕωυΙ.
1137 1291 1212 1354 631.

222 1403 428 1485 ἀρρενόπάς
462 1402 484 1467 i.
520 1424 548 1468 e.
584 1402 625 1467 τόν
658 1403 713 1479 μὲν
745 1402 1008 1481 ἀλλωνόνννςόν
1031 1407 1108 1488 ἔχων
1131 1407 1212 1474 δέτι
1269 1424 1271 1431 “

176 1524 379 1609 ἀνδρόμορφον,
402 1523 523 1612 legitur
546 1524 633 1612 apud
656 1524 825 1589 Oratinum
847 1526 882 1590 in
898 1526 936 1594 fr.
954 1529 1030 1593 389.
1047 1528 1212 1616 Hesyoh.:

176 1646 392 1729 ἀρρενωπάόες·
425 1647 596 1728 ἀνδρόγυνον.
621 1646 778 1729 ἀρρενωμός
802 1647 928 1733 (fortir,
952 1648 1066 1734 virilis)
1089 1651 1213 1738 legitur

176 1792 226 1857 ap.
252 1770 353 1836 Arist.
379 1769 462 1836 Gen.
487 1769 584 1836 anim.
609 1769 639 1834 2.
665 1771 694 1834 5.
719 1770 799 1834 Luo.
816 1769 927 1857 Fugit.
945 1772 998 1836 27.
1023 1772 1097 1838 Ael.
1110 1773 1149 1839 N.
1165 1774 1209 1839 A.

176 1895 206 1958 2.
233 1895 284 1958 11.
309 1893 526 1976 (substantive
550 1892 636 1958 Plat.
660 1893 761 1979 Legg.
789 1895 818 1971 7,
842 1894 907 1958 802
924 1897 964 1977 e).
1001 1893 1048 1960 cf.
1074 1895 1205 1978 ἀρρενόψ

177 2014 291 2100 (idem)
338 2035 388 2100 ap.
435 2013 602 2119 Euatath„
648 2013 808 2095 ἀρρενωπόω
856 2014 1015 2096 (iunotum
1059 2037 1133 2081 oum
1176 2039 1209 2084 v.

60 2160 62 2164 ’
176 2136 304 2218 ἀνδρείου)
334 2135 419 2200 Plat.
445 2156 526 2200 com.
554 2135 616 2199 192
633 2156 661 2199 a.
686 2132 740 2199 Ad
763 2134 990 2201 formationem
1015 2137 1055 2202 ef.
1081 2137 1209 2215 βωόόκο-

176 2280 238 2334 μος.
262 2256 310 2322 Of.
333 2253 516 2336 μορμορωπός
538 2255 598 2323 Ar.
622 2256 707 2321 Ran.
733 2255 813 2334 725,
840 2254 896 2319 ubi
919 2278 949 2324 v.
974 2258 1140 2323 Leeuwen
1166 2257 1207 2325 de

177 2378 364 2444 coniectura
394 2377 450 2442 vix
482 2376 665 2442 necessaria
695 2374 798 2442 edidit
828 2361 1031 2463 μορμονωπός.
1059 2378 1098 2444 of.
1124 2380 1206 2449 Her.

175 2501 330 2582 μόρμορος·
362 2498 474 2581 Φόβος,
498 2498 555 2564 ubi
577 2497 702 2581 φοβερός
725 2498 843 2563 oollato
868 2498 1043 2566 Homerico
1066 2499 1207 2582 μέρμερνς

64 2617 66 2620 ’
175 2624 311 2713 requirit
334 2646 364 2689 v.
388 2620 600 2689 Herwerden.

220 2752 409 2833 ἀρρήκτως
442 2747 515 2814 adv.
549 2747 723 2834 „firmiter‚
752 2744 929 2813 stabiliter”
962 2745 1058 2812 modo
1082 2747 1206 2833 legitur

174 2871 261 2960 apud
285 2869 538 2956 Aristophanem
561 2868 595 2932 in
612 2869 687 2954 Lyn.
705 2890 732 2932 v.
752 2868 832 2932 182:
854 2873 976 2945 „rafim
994 2866 1206 2945 ξυνωμόσαμεν

174 2991 248 3064 όπως
281 2990 316 3056 ἀν
339 2992 483 3072 ἀρρήκτως
506 2987 573 3071 ἔχρ.
598 2989 645 3054 Of.
670 2989 804 3075 praefat.
830 2990 847 3073 ἓ
868 2991 906 3053 10
922 3013 953 3057 ω.
977 2987 1114 3071 ἄρρηκτος
1140 2990 1204 3083 adi.

174 3114 259 3202 apud
282 3113 395 3191 Hom,
420 3118 539 3198 tragg.‚
564 3110 705 3184 Herod„
731 3110 896 3196 aequiores
920 3115 1106 3197 usurpatur.

218 3232 371 3316 ἀρρυσόω
399 3232 602 3315 „silentium,
626 3228 738 3303 ονωπό”
762 3229 883 3317 legitur
906 3231 991 3318 apud
1017 3231 1205 3319 Nicophon·

174 3363 240 3422 tem
275 3355 309 3419 in
340 3354 377 3418 fr.
410 3355 462 3418 23.
495 3353 591 3438 (Poll.
624 3353 654 3416 2.
681 3353 762 3430 128,
794 3353 849 3439 qui
876 3351 977 3418 habet
1008 3352 1107 3418 etiam
1139 3354 1202 3420 adi.

171 3478 326 3559 ἀρρόμωυ).
352 3473 493 3540 Nomina
516 3473 705 3538 deverbalia
728 3472 875 3538 feminini
891 3473 1021 3560 generis
1042 3474 1123 3538 ἱιι-όω
1139 3480 1203 3540 ter·

174 3599 298 3664 minata
309 3597 437 3685 saepius
450 3597 612 3662 actionem
625 3595 818 3683 significant.
844 3597 890 3662 Ut
902 3595 1049 3661 Kookius
1062 3597 1202 3662 fortasse

172 3726 259 3785 reete
283 3723 394 3807 putat,
428 3717 569 3783 comicus
593 3717 859 3783 annominatione
883 3738 998 3782 vooum
1022 3718 1143 3799 ἀρρησίοο
1168 3725 1202 3784 et

170 3843 315 3922 πορρνρωόω
339 3838 439 3904 risum
462 3838 623 3904 movebat.
658 3876 698 3886 -
732 3838 779 3903 uf.
806 3839 942 3925 praefat.
967 3840 984 3923 ἓ
1008 3841 1038 3904 9.
1063 3840 1201 3929 Oompa-

170 3961 307 4028 randum
331 3959 468 4044 ἀφωυόω,
491 3959 577 4047 quod
594 3959 635 4025 de
653 3980 692 4024 eo
709 3959 827 4024 dieitur
844 3960 899 4046 qui
915 3981 992 4047 prae
1009 3959 1200 4026 confusione

168 4083 304 4149 verbum
326 4082 470 4170 proferre
494 4102 559 4147 non
581 4087 700 4170 potest.

212 4202 420 4287 ἀρρνφορεόόν
448 4205 625 4290 „mysteria
647 4203 797 4290 gestare”
822 4202 944 4290 legitur
960 4224 1010 4289 ap.
1028 4202 1197 4290 Aristoph.

167 4327 202 4392 in
232 4328 308 4413 Lyn.
340 4348 370 4392 v.
403 4327 485 4392 642:
518 4324 597 4390 ἕπτά
619 4325 673 4403 μὲν
696 4325 745 4398 ἔον
777 4325 889 4402 γεγῶς’
914 4323 994 4396 εόόὺς
1018 4321 1197 4408 ἠρρηφόρουν.
