2836 4934
184 320 226 382 98
613 327 788 398 Διενενκεῖν.

183 561 291 640 γένοιτο
326 562 493 643 λουσαμένῳ
526 562 672 630 διελκύσαι
708 572 760 638 τῆς
791 562 913 643 πρννύς,
946 563 980 628 in
1013 569 1125 647 textu,
1159 563 1218 628 ubi

184 690 290 749 tamen
316 684 463 750 Koclrius
489 683 687 770 „ltcastrae''‚
711 686 835 772 inquit,
863 690 986 767 „metro
1010 683 1215 769 adversatur,

182 804 316 891 Bergkii
339 804 447 879 διέλξοιι
472 812 522 871 est
545 807 648 871 forma
670 806 791 872 Atticis
806 807 981 892 inusitata;
1006 806 1215 872 scribendum

183 932 233 990 est
264 925 481 1011 (οὶ)’πολαύσαι.
513 926 563 993 Of.
594 928 732 1016 Antiph.
764 930 824 1013 44,
856 929 887 994 4.
914 930 965 994 80.
989 927 1147 1015 Amphid.
1172 930 1216 993 26

182 1047 274 1134 sqq.''
290 1049 512 1115 Herwerdono
530 1049 680 1114 διέλκειν
692 1049 890 1136 probabilior
902 1048 1032 1115 videtur
1045 1051 1214 1133 correctio,

181 1171 209 1234 si
239 1171 371 1257 quidem
401 1193 497 1238 nemo
528 1172 678 1239 hbrarius
705 1171 959 1238 laoilovorbum
983 1170 1214 1237 sacracrario

181 1292 316 1357 verbum
339 1292 401 1357 sibi
424 1294 626 1379 incognitum
649 1293 797 1359 διελκύσαι
820 1299 1030 1381 corrupturus
1054 1298 1151 1359 esset.

226 1413 438 1492 διενενκείνῑ
462 1415 690 1495 προσπαλαίειν,
716 1415 926 1480 colluctari
949 1415 1068 1501 (Bekk.
1086 1413 1212 1480 Anecd.

182 1536 234 1617 91,
259 1533 306 1623 4.)
337 1535 457 1621 legitur
480 1535 567 1624 apud
591 1537 695 1601 solum
719 1535 918 1603 Teleclidem
941 1536 976 1601 in
1000 1536 1038 1604 fr.
1063 1538 1119 1600 20.
1147 1535 1216 1618 „Ea

181 1657 270 1721 notio
299 1656 430 1723 aliunde
462 1678 528 1722 non
560 1658 707 1744 cognita3
740 1659 878 1724 fortasse
902 1657 1082 1745 comparari
1104 1663 1215 1745 potest

77 1876 80 1883 Ι
179 1777 333 1855 διαλαβεῖν
349 1778 515 1866 Aristoph.
531 1778 591 1866 Eq.
609 1779 695 1844 262”
712 1779 841 1864 (Koch).
858 1779 1025 1856 Διαλαβεῖν
1042 1778 1096 1865 (cf.
1113 1779 1213 1845 otiam

180 1897 302 1964 Herod.
340 1902 368 1963 1.
407 1901 486 1980 1143
517 1901 547 1968 4.
581 1902 633 1966 68.
666 1901 751 1968 Plat.
779 1901 867 1989 Rep.
902 1903 953 1966 10.
979 1902 1089 1970 615ε.
1123 1903 1213 1983 Plut.

179 2019 303 2084 Anton.
336 2023 403 2106 33.)
434 2027 485 2087 est
519 2021 682 2104 „medium
713 2023 855 2110 aliquem
877 2022 1098 2113 prehendere,
1125 2023 1213 2111 quod

177 2143 286 2209 lacere
320 2144 427 2208 solent
460 2144 658 2210 luctatores”
696 2142 827 2232 (Blayd.
863 2144 904 2209 ad
935 2145 993 2210 Ar.
1025 2144 1085 2232 loq.
1119 2144 1212 2234 262).

180 2266 336 2347 Διαφέρειν
347 2267 418 2331 aliis
431 2267 721 2354 significationibus
734 2268 853 2354 passim
866 2267 995 2353 legitur.
1013 2266 1062 2334 cf.
1077 2267 1212 2355 praelat.

180 2389 198 2472 ξ
222 2388 292 2464 2β.
324 2395 490 2466 Διενενκείν
519 2387 718 2478 (colluctari)
743 2389 888 2477 pertinet
911 2388 952 2454 ad
976 2390 1135 2455 vocabula
1157 2411 1214 2476 pa·

179 2511 330 2576 laestrioa
352 2511 482 2576 comicis
505 2511 652 2599 propria,
677 2510 717 2576 de
741 2511 859 2597 quibus
883 2509 957 2575 vide
981 2510 1082 2598 praef.
1108 2507 1126 2598 ἓ
1151 2512 1211 2575 3ε.

224 2622 449 2710 διενσέρεομα
469 2633 701 2720 „perscrutatio
722 2629 970 2697 intestinorum’'
987 2631 1109 2718 legitur
1126 2632 1213 2719 apud

180 2754 390 2842 Aristophan.
425 2756 459 2819 in
489 2754 575 2820 Nub.
607 2777 638 2820 v.
673 2756 751 2819 166:
784 2751 923 2832 σοίλπινξ
945 2753 959 2817 d
983 2750 1112 2834 πρωκτύς
1136 2755 1213 2820 ἔστιν

180 2878 237 2955 ύρα
272 2881 327 2940 τῶν
358 2876 493 2953 ἐμπίδων.
525 2872 546 2940 ὦ
576 2874 781 2957 τρισμακάριος
811 2880 862 2942 τού
891 2875 1138 2955 διεντερεύματος.
1162 2876 1212 2942 (ll.

179 2997 311 3074 ε’ντερεύω
337 3028 377 3052 =
402 3002 559 3063 exentero
583 3020 634 3086 ap.
660 2999 862 3086 Archippum
887 3020 966 3065 oom.
990 2998 1027 3064 fr.
1044 2999 1087 3062 25
1104 3000 1143 3085 (ε.
1157 3001 1212 3084 ν.).

179 3118 384 3184 Vocabulum
409 3124 459 3183 est
482 3118 650 3183 occasione
667 3118 829 3184 invitante
847 3118 968 3184 comice
984 3118 1117 3196 fictum,
1135 3119 1213 3205 quia

180 3238 294 3303 allusio
325 3239 411 3303 inest
442 3237 483 3304 ad
515 3259 584 3303 voo.
616 3238 723 3317 ἔντερον
747 3236 793 3326 (ν.
821 3236 900 3326 160)
925 3243 959 3302 et
981 3237 1210 3325 paronomasia

180 3359 339 3447 quaedam
365 3359 451 3424 vocis
474 3359 643 3440 διερεύννμοι
667 3381 750 3447 quae
775 3361 909 3426 averho
925 3359 1065 3441 διερευνᾶν
1081 3359 1213 3448 formari

178 3487 298 3568 potest.
335 3485 487 3557 Διερεονῖιν
520 3481 662 3570 Epicrat.
687 3482 725 3546 fr.
750 3484 780 3546 8.
805 3482 890 3546 Plat.
915 3483 1016 3568 Legg.
1043 3484 1074 3547 2.
1100 3483 1166 3546 654
1184 3503 1212 3547 e.

180 3603 315 3668 Theaet.
344 3604 406 3666 168
425 3623 452 3667 e.
477 3602 594 3690 Polyb.
621 3604 672 3669 14.
698 3605 726 3666 3.
755 3604 784 3666 7.

225 3723 412 3804 διέρχομαι
460 3723 618 3805 „delicato
662 3728 752 3787 motu
776 3722 938 3810 ¹corporis
976 3720 1213 3787 obambulare''

182 3843 366 3932 (Blaydes.)
401 3845 522 3930 legitur
556 3842 643 3931 apud
673 3843 928 3931 Aristophanem
959 3842 993 3907 in
1024 3843 1157 3908 Thesm.
1182 3864 1212 3908 v.

184 3968 278 4032 1174.
312 3967 438 4032 Schol:
469 3966 566 4045 οίβρῶε
596 3964 732 4046 βαδίζειν.
766 3966 815 4032 Ol.
845 3953 981 4040 traditor
1007 3964 1109 4051 Vesp.
1135 3966 1213 4033 688.

180 4087 424 4169 διασαλακωνίζοι.
450 4089 550 4174 Vesp.
579 4090 674 4153 1169.
698 4088 916 4166 διαρριιινοῦσύαι
940 4086 1063 4154 Oratim
1081 4087 1118 4152 fr.
1136 4088 1213 4152 219.

180 4210 311 4276 διακινεῖν
334 4211 434 4297 Vesp.
460 4211 536 4275 688.
560 4247 604 4259 -
628 4208 712 4274 Vide
736 4208 873 4296 praelat.
897 4210 915 4292 ἓ
938 4209 969 4272 4.

225 4327 637 4411 δίύνραμβοδιδοίσιιοιλοι
668 4329 969 4417 „dithyramhorum
992 4325 1108 4416 poeta’'
1131 4329 1214 4416 legi·
