2836 4934
192 296 255 360 148
650 300 768 363 Θολούν.

189 544 279 631 asylo
302 541 470 608 versatur’'
491 543 612 629 legitur
635 543 720 630 apud
744 544 999 632 Aristophanem
1022 548 1057 612 in
1080 547 1119 615 fr.
1147 548 1232 612 458:

193 665 333 748 „Servus
364 664 565 751 significatur
596 665 740 737 πολλάκις
763 667 791 730 ἕν
814 669 855 748 τῷ
879 668 990 750 Θησείῳ
1013 676 1118 750 πρᾶσιν
1141 670 1225 745 αἰπύ-

188 786 266 859 σας”
303 785 449 875 (Kock.).
485 785 532 851 Cf.
569 786 608 851 fr.
644 788 719 851 567.
755 787 842 852 Plut.
879 789 976 854 Thes.
1010 792 1070 854 36:
1103 790 1164 856 ἔστι
1196 790 1226 855 δὲ

190 907 317 990 φύξιμον
350 907 398 997 (τὸ
430 909 564 992 Θησεῖον)
596 908 719 981 οἰκέταις
750 908 799 972 καὶ
815 910 817 915 ’
832 913 906 974 πᾶσι
933 917 992 982 τοῖς
1015 911 1225 990 ταπεινοτέροις

189 1029 238 1095 καὶ
269 1029 368 1095 δεδιόσι
401 1031 575 1109 κρείττονας.
617 1029 723 1094 Sobel.
748 1028 807 1116 Eq.
838 1032 936 1095 1312:
968 1033 1094 1097 ἐνταῦθα
1117 1033 1161 1116 (ἕν
1184 1035 1224 1113 τῷ

137 1171 142 1177 ·
190 1153 314 1236 Θησείῳ)
346 1153 370 1216 οἱ
397 1151 642 1234 καταφεύγοντες
676 1156 731 1216 τῶν
754 1151 866 1216 οἰκετῶν
890 1153 1018 1217 σὶσυλίαν
1040 1149 1131 1234 εἶχον.
1169 1152 1223 1219 Ad

187 1273 323 1338 formam
347 1273 387 1338 cf.
411 1271 568 1357 πεδότριψ,
595 1271 680 1359 quod
704 1272 869 1337 interdum
894 1294 913 1337 a
939 1273 1079 1338 librariis
1102 1273 1136 1337 in
1155 1299 1224 1339 παι-

187 1393 287 1474 δότριφ
324 1399 511 1481 corruptum
546 1398 597 1458 est
631 1392 684 1477 (cf.
721 1393 795 1458 Lat.
824 1393 1065 1479 ferritriba)‚
1094 1393 1223 1476 οἰκότριψ

187 1516 317 1581 Thosm.
358 1518 433 1580 426.
473 1515 566 1580 Dem.
606 1516 656 1579 13.
679 1516 745 1579 24.
785 1512 839 1580 Ad
874 1515 1143 1602 compositionem
1179 1516 1220 1580 cf.

187 1638 355 1720 ᾄδοφοίτας.

230 1758 351 1822 rosam
374 1754 504 1842 proprie
529 1763 579 1821 est
600 1753 770 1838 „turbare”
786 1756 832 1840 (τὸ
849 1755 918 1836 ύδυρ
934 1758 1013 1826 Ath.
1030 1760 1059 1824 1.
1078 1761 1144 1824 298
1157 1758 1221 1844 b.),

188 1876 307 1943 deinde
331 1877 552 1965 metaphorice
576 1884 752 1965 usurpatur
769 1909 809 1933 =
830 1880 1041 1966 „perturbare
1057 1878 1223 1945 animum’'

188 1998 375 2087 etquidem
402 2000 468 2081 ,ἐπὶ
491 1997 609 2074 λύπκς”
635 1996 728 2086 (Eur.
752 1998 823 2064 Alc.
852 2001 968 2085 1066),
993 1999 1080 2088 apud
1100 2001 1224 2066 Phere-

188 2127 309 2187 cratem
333 2125 442 2186 autem
467 2121 566 2185 etiam
590 2119 757 2187 invenitur
782 2121 849 2202 ,ἐπὶ
873 2119 992 2203 mapa?
1014 2123 1050 2186 in
1072 2122 1112 2192 fr.
1140 2125 1222 2187 115:

187 2249 324 2323 γελῶντα
354 2244 403 2308 καὶ
435 2241 578 2323 χαίροντα
607 2242 655 2307 καὶ
687 2243 893 2327 τεύολοιριέννν,
918 2242 1098 2310 secundum
1122 2245 1222 2310 Phot.

188 2372 222 2431 ot
244 2365 353 2453 Etym.
377 2387 419 2431 m.
445 2366 519 2429 750.
547 2366 596 2429 10.
622 2404 664 2412 -
688 2364 737 2431 Of.
761 2366 897 2453 praefat.
922 2365 940 2455 ἓ
964 2369 1022 2431 2α
1040 2368 1069 2431 1.

232 2484 462 2568 όορυβκτικόν
487 2483 551 2574 (τό)
579 2484 826 2574 „quodcumque
850 2485 891 2552 ad
914 2486 1064 2575 plausum
1089 2493 1224 2575 captan-

188 2605 265 2671 dum
288 2606 384 2672 faoit”
408 2604 552 2693 (Blayd.)
575 2607 695 2693 legitur
719 2606 805 2694 apud
828 2607 1083 2696 Aristophanem
1105 2609 1140 2675 in
1161 2609 1223 2698 Eq.

188 2752 218 2795 v.
246 2731 350 2795 1380:
382 2725 603 2803 καταληπτικός
637 2728 665 2793 τ’
690 2729 796 2814 (ἐστὶν)
824 2731 930 2810 ἄριστα
951 2737 1003 2796 τοῦ
1026 2730 1223 2817 θορυβητικοῦ,

191 2850 413 2938 „plebeculam
436 2849 478 2914 ad
502 2851 678 2915 tumultum
701 2850 885 2916 faciendum
902 2852 1062 2939 pronam*
1078 2853 1224 2941 explicat

186 2971 292 3037 Koch.
328 2971 378 3035 De
401 2970 595 3036 formatione
619 2971 659 3036 cf.
683 2970 862 3049 βαδιστικός.

232 3088 471 3169 όσυρισμοὶντις
507 3096 619 3171 „vates
643 3091 802 3156 Thurium
829 3090 964 3158 missus”
987 3092 1109 3179 legitur
1132 3093 1221 3181 apud

188 3212 442 3299 Aristophanem
464 3213 498 3277 in
521 3213 607 3278 Nub.
624 3236 654 3278 v.
673 3216 756 3281 332:
777 3213 1000 3298 ύσυριομύντεις,
1017 3214 1222 3301 ἰατροτέχνας,

189 3331 619 3418 σφραγιδονυχαργοκομήτας,
643 3333 698 3419 (de
721 3356 756 3400 re
775 3334 850 3402 vide
867 3335 975 3402 Schol.
1000 3337 1086 3402 Nub.
1105 3340 1171 3404 332
1188 3345 1223 3406 et

188 3456 250 3520 Ar.
284 3456 359 3520 521.
391 3455 485 3520 Diod.
510 3455 572 3522 Sic.
600 3458 651 3521 12.
678 3458 728 3521 10.
765 3458 908 3545 Hesyoh.
933 3481 958 3524 s.
975 3481 1006 3526 v.
1029 3460 1119 3525 Plut.
1143 3462 1221 3528 Per.

189 3598 216 3642 c.
245 3580 308 3659 15).
345 3577 394 3644 cf.
426 3577 621 3657 ψευδόμαντις
651 3579 771 3645 Aesch.
804 3581 866 3668 Ag.
895 3584 990 3647 1168.
1023 3583 1221 3663 μουσόμαντις

188 3699 307 3764 Aesch.
332 3699 371 3766 fr.
396 3702 448 3765 52.
483 3700 679 3778 αιυρύόααντις
710 3702 830 3771 Aesch.
862 3704 926 3791 Ag.
942 3704 1038 3772 1214.
1069 3707 1222 3786 κακόμαν-

189 3845 233 3894 τις
256 3821 320 3908 Ap.
345 3820 453 3889 Rhod.
479 3823 509 3886 3.
536 3824 610 3887 935.

234 3943 480 4021 Θρρικσφοίτνς
504 3940 579 4008 vide
603 3942 645 4009 ad
668 3966 738 4011 voc.
762 3947 926 4030 ρὶδσφοότκς.

233 4062 381 4144 όρανεύισ
416 4062 586 4145 „distendo
618 4088 716 4153 supra
739 4069 934 4154 scabellum,
959 4071 1014 4135 ubi
1037 4071 1141 4158 pelles
1164 4095 1221 4139 ex·

188 4180 279 4248 tendi
315 4184 442 4250 solent’'
475 4184 596 4271 legitur
627 4188 713 4274 apud
744 4189 999 4278 Aristophanem
1031 4193 1065 4258 in
1096 4193 1157 4282 blq.
1190 4218 1220 4261 v.

189 4306 269 4370 369:
294 4307 310 4381 ἡ
333 4304 432 4384 βύρσα
456 4330 505 4371 σου
529 4308 725 4389 θρανεύσεται.
755 4310 880 4380 Sobel:
900 4313 1031 4380 ἐκτείνοι·
1048 4316 1145 4396 ύρᾶνος
1161 4318 1222 4399 γὰρ
