2836 4934
608 291 820 368 Σμιλεύματα.
1164 288 1228 351 295

242 540 480 618 σμιλεύματα
495 539 625 627 proprie
638 543 714 604 sunt
729 543 896 621 ,ramenta
908 539 976 603 sive
990 535 1228 603 recisamenta’'

196 682 280 749 quae
311 661 398 726 faeta
428 666 505 726 eunt
536 661 754 726 instrumento
785 661 894 745 σμίλη,
925 658 1011 746 quod
1035 658 1069 722 in
1093 680 1155 722 usu
1178 663 1229 723 est

195 781 283 869 apud
315 789 458 868 sutores,
490 782 633 848 medicos
666 788 699 848 et
730 783 910 870 sculptores
943 779 1117 868 (μονίμου,
1150 781 1228 847 soal·

194 902 325 993 prum'')
351 903 491 989 (Schol.:
514 904 709 982 σμιλεύματα
734 903 764 969 δὲ
786 902 827 969 τοὶ
851 901 1062 981 ἐκβαλλόμενα
1081 902 1141 967 οίπὸ
1161 903 1228 980 σμί·

193 1024 279 1109 λης),
304 1023 360 1089 sed
386 1023 606 1111 metaphorice
627 1029 704 1089 sunt
723 1023 899 1105 „minutiae
916 1024 984 1088 sive
1002 1021 1224 1110 quisquiliae’'‚

194 1165 275 1231 quas
298 1148 443 1210 sectatus
467 1149 518 1209 est
540 1144 733 1233 Euripides,
759 1143 816 1210 Ar.
842 1144 925 1211 Ran.
952 1146 1032 1209 819:
1064 1145 1227 1226 σχινδαλοί·

192 1290 256 1345 μινν
289 1291 324 1331 τε
358 1264 531 1347 σαραξθανα
568 1264 710 1355 (Herw.)
745 1265 940 1344 σμιλεύματοί
973 1264 1002 1329 τ’
1039 1264 1138 1346 ἔργον.
1177 1266 1226 1332 Of.

193 1388 343 1466 σμιλευτθο
367 1389 566 1473 (γράμματα)
591 1410 642 1476 ap.
660 1388 840 1454 Dioscorid.
858 1387 959 1454 Anth.
976 1388 1046 1453 Pal.
1060 1387 1136 1453 VII.
1151 1389 1226 1472 411,

193 1512 370 1589 θιασμιλεύυ
401 1511 499 1577 Alex.
525 1510 560 1576 fr.
586 1513 668 1595 215,
696 1508 824 1587 σμιλεύα
848 1531 898 1597 ap.
924 1508 1108 1596 aequiores,
1132 1510 1225 1587 σμίλη

194 1634 323 1721 saepius
345 1634 381 1699 in
404 1633 540 1701 Anthol.
564 1634 615 1699 De
634 1633 827 1699 formatione
844 1655 868 1700 ε.
882 1655 912 1697 ν.
929 1631 1166 1713 βωμολίχευμα.
1181 1669 1224 1680 -

194 1756 279 1823 Vide
301 1756 401 1845 praef.
426 1759 444 1841 ξ
469 1759 489 1821 2
512 1779 531 1819 σι
557 1758 586 1821 3.
653 1766 656 1770 “

235 1879 420 1957 σμινύδιον
448 1900 588 1966 „parvus
612 1877 750 1944 bidens”
770 1877 891 1964 legitur
906 1876 1073 1965 Aristoph.
1092 1876 1128 1941 fr.
1149 1877 1223 1941 855.

194 1998 440 2065 Deminntivum
473 2004 522 2064 est
553 1998 665 2063 vocab.
697 1999 801 2076 σμινύη
835 1996 907 2085 (Ar.
940 1997 1001 2063 Ar.
1030 1999 1104 2062 602.
1137 1996 1223 2062 Nub.

196 2121 291 2184 1486.
316 2118 401 2184 Plat.
425 2118 509 2205 Rep.
528 2121 557 2185 2.
577 2120 642 2183 370
655 2117 685 2182 d.
709 2118 797 2186 Xen.
812 2118 887 2205 Oyr.
905 2120 935 2184 6.
953 2121 983 2183 2.
1002 2121 1052 2183 24.
1076 2117 1222 2205 Aloiphr.

195 2244 223 2306 3.
249 2243 317 2325 24).
344 2279 382 2288 -
409 2239 493 2306 Vide
516 2239 652 2327 praefat.
676 2242 694 2324 ἓ
719 2243 748 2305 7.

237 2360 390 2439 σοβοίδες
414 2360 489 2427 vide
513 2360 553 2426 ad
578 2382 647 2427 roo.
671 2360 847 2441 γραοσόβαι.

236 2482 363 2555 σταθίς
392 2480 557 2564 ,rudicula
573 2482 626 2547 vel
643 2462 808 2568 spathula,
826 2503 891 2571 qua
906 2504 949 2548 ex
964 2482 1094 2571 lecytho
1112 2484 1220 2549 oleum

193 2604 341 2670 solebant
364 2603 514 2669 haurire”
538 2602 659 2688 legitur
680 2602 849 2691 Aristoph.
865 2603 901 2668 fr.
919 2605 1000 2670 205:
1024 2614 1077 2680 τῆς
1092 2609 1219 2689 μυμημίς

191 2726 311 2802 ληκύθου
345 2725 409 2807 τισίν
443 2724 610 2791 κατελύσαι
645 2726 696 2800 την
730 2725 876 2802 caaltha,
920 2726 1084 2804 γεύσασθαι
1118 2728 1220 2808 μύοου.

191 2850 272 2914 Poll.
300 2850 350 2913 10.
378 2849 455 2913 12οε
479 2847 513 2912 τὸ
536 2847 575 2919 είς
597 2847 652 2919 σύος
676 2845 812 2922 ληκύθους
835 2846 1000 2922 καθιέμενον
1023 2848 1070 2913 ε’τί
1087 2848 1219 2926 γεύματι

191 2978 237 3037 τοῦ
268 2970 357 3052 μύοου
387 2971 515 3036 σταθίδα
538 2968 588 3035 καί
610 2969 724 3045 στοίθην
747 2969 884 3045 κλητέον,
914 2969 1062 3036 similiter
1087 2973 1115 3036 7.
1145 2974 1217 3037 177.

191 3093 342 3158 Photius:
368 3091 496 3157 σπαθίθα
519 3093 570 3167 την
593 3097 649 3157 τῶν
673 3097 807 3174 μυρεψῶν
829 3090 952 3167 οτιοίθην.
981 3093 1104 3157 Vocab.
1129 3095 1219 3160 inve-

192 3214 276 3279 nitur
308 3212 407 3279 etiam
438 3235 488 3298 ap.
521 3212 640 3278 Eubul.
674 3214 703 3275 3.
729 3214 811 3296 253,
843 3212 956 3288 στοίθην
981 3214 1094 3279 eodem
1120 3237 1217 3281 sensu

192 3335 355 3423 usurpavit
378 3335 494 3401 Alexis
518 3337 549 3400 3.
575 3337 649 3400 409.
675 3334 788 3406 Σταθίς
813 3335 911 3400 etiam
933 3341 982 3400 est
999 3336 1097 3400 vestis
1115 3338 1216 3424 quod·

192 3453 260 3520 dam
284 3477 388 3541 genus
412 3477 467 3542 ap..
487 3456 568 3520 Poll.
596 3458 624 3520 7.
650 3458 711 3540 363
736 3456 775 3520 el.
801 3457 889 3520 verb.
907 3455 1035 3537 σοιοιθίζω
1053 3454 1216 3545 (rudicula

192 3578 294 3643 oleum
318 3578 458 3661 illinere)
482 3598 532 3664 ap.
558 3578 701 3664 Hesyoh.

229 3699 524 3778 σπαρτιοχαίτης
568 3699 642 3784 „qui
687 3718 811 3763 eomam
850 3698 950 3764 habet
990 3700 1082 3786 quasi
1121 3699 1214 3765 funos

190 3819 352 3907 sparteos’'
382 3819 503 3905 legitur
534 3819 663 3883 Platon.
692 3819 729 3883 fr.
757 3821 839 3902 124,
862 3841 892 3885 v.
917 3821 955 3884 2:
992 3818 1040 3883 τὸν
1064 3820 1214 3897 ὑπηνίβιον

190 3941 417 4024 σσαρτιοχαίτην
449 3941 650 4022 ῥυτοκύνδυλον
681 3939 885 4019 ἓλκετρίβοινα.
919 3940 1065 4021 Σπαμτίον
1089 3947 1139 4005 est
1162 3965 1213 4029 ap.

192 4062 285 4130 Arist.
310 4065 387 4129 Pae.
414 4066 518 4147 1247,
542 4063 679 4129 Aristot.
704 4061 853 4126 Meohan.
870 4063 912 4127 ΙΙ.
932 4063 958 4126 1.
977 4065 1014 4145 9,
1041 4060 1124 4126 dem.
1142 4084 1211 4126 voe.

191 4184 328 4265 σσιίμτον,
354 4184 439 4270 quod
464 4183 593 4270 saepius
616 4182 791 4246 invenitur.
815 4181 869 4246 Ad
891 4182 1042 4248 formam:
1066 4183 1212 4263 οίβροχαί-

191 4329 234 4381 της
259 4309 379 4372 Anaor.
404 4307 457 4370 41.
479 4308 507 4369 8.
534 4304 655 4390 Hymn.
680 4302 743 4388 Ap.
762 4305 791 4367 2.
815 4303 886 4385 (IX.
907 4301 998 4391 525),
1022 4302 1211 4384 βαθυχαίτης
