2836 4934
657 300 803 378 Αὐτοδοὶξ.
1205 305 1247 368 55

213 544 267 603 tur
299 560 350 626 ap.
385 539 470 604 Plat.
501 541 585 628 Rep.
612 544 641 606 3.
668 542 787 626 acad,
812 543 955 608 medium
979 543 1123 631 Alciphr.
1150 547 1246 630 3.64‚

212 657 327 745 partic.
353 658 581 737 ἐκμεμαγμένας
605 661 725 727 Oratin.
750 662 789 729 fr,
815 664 890 731 255.
909 664 1018 730 Subst.
1034 666 1192 743 ἐκμαγεῖον
1205 698 1246 721 =

213 779 365 858 ἔκμαγμα
389 803 438 869 ap.
465 782 549 848 Plat.
573 782 707 849 Theaot.
728 785 790 848 194
807 805 834 849 e.
873 784 924 850 Dc
947 785 1183 872 compositione
1206 787 1246 851 cf.

212 901 396 984 α’ροζνὶκςοοος.
445 904 499 970 Sic
538 905 747 983 αὖοέκμαγμα
786 904 959 971 formatum
999 910 1049 970 est
1087 927 1107 970 a
1141 907 1245 994 simpl.

212 1024 379 1105 ἔκμαγμα,
411 1027 498 1115 quod
530 1027 616 1115 apud
648 1029 788 1116 sequior.
822 1034 856 1095 ct
888 1029 969 1095 Poll.
1004 1032 1033 1094 9.
1061 1032 1246 1096 Idi-sorva·

214 1150 285 1211 tum
310 1153 370 1213 cst.

258 1267 433 1355 αὐτοδοέξ,
466 1272 595 1359 proprie
632 1269 842 1357 „mordicus”,
876 1271 962 1360 apud
991 1272 1246 1360 Aristophanem

212 1391 248 1455 in
280 1391 356 1478 Lys.
388 1414 418 1457 r.
453 1394 515 1458 687
549 1394 697 1479 iungitur
728 1416 801 1459 cum
829 1395 929 1460 verbo
953 1394 1120 1480 ὀργίζομαι,
1145 1400 1183 1461 ut
1205 1397 1248 1461 sit

216 1509 319 1593 „odeo
349 1511 460 1578 iratus'
484 1535 554 1579 esse
586 1521 623 1580 ut
651 1516 738 1582 labia
761 1516 942 1600 mordeas'’,
966 1518 1000 1582 in
1024 1518 1100 1584 Pac.
1125 1541 1155 1583 v.
1182 1521 1245 1585 607

214 1633 374 1699 adiective
405 1641 581 1722 usurpatur
612 1647 669 1691 ='
689 1638 819 1719 »ὀργίλος
853 1637 1008 1724 (Schol.)‚
1032 1638 1245 1705 iracundus”:

211 1738 293 1837 ’,μὰς
317 1753 421 1838 φύσεις
446 1758 524 1834 ὑμῶν
551 1757 675 1830 δεδοικὼς
699 1759 747 1823 καὶ
772 1758 821 1823 τὸν
845 1757 974 1835 αὐτοδὰξ
996 1758 1129 1840 τρόπον’.
1166 1760 1247 1826 Sim-

213 1877 291 1963 plex
322 1876 394 1954 ὀδοὶξ
425 1882 475 1944 est
505 1879 591 1965 apud
623 1880 822 1964 Homerum,
856 1880 901 1969 (α.
928 1882 1003 1945 381.
1031 1881 1245 1970 Χ17,θ1ο.)

214 1999 404 2086 Euripidem
437 2001 576 2088 (Phocn.
604 2003 721 2085 1432),
753 2001 1006 2091 Aristophanem
1030 2003 1134 2092 (Vesp
1172 2005 1245 2068 164.

214 2123 321 2207 948),
346 2123 435 2188 alios.
461 2161 501 2171 -
519 2123 570 2188 De
586 2123 820 2209 compositione
845 2123 883 2188 cf.
901 2122 1083 2206 οὶρνζήλατος.
1099 2160 1143 2173 -
1159 2123 1245 2190 Vide

214 2243 313 2330 praef.
338 2245 401 2328 §L

258 2365 397 2438 οέΰπνας
431 2365 621 2431 adverbium
646 2365 798 2431 adiectivi
822 2363 930 2437 ἄϋπνος
957 2364 1141 2451 (insomnis)
1165 2367 1245 2452 legi·

216 2495 270 2554 tur
300 2488 386 2575 apud
419 2488 655 2574 Sannyrionem
688 2488 846 2553 comicum
877 2489 911 2552 in
935 2488 1125 2574 fragmentis
1148 2489 1244 2553 comi·

211 2632 321 2676 corum
353 2632 371 2675 c
404 2609 516 2675 codice
545 2609 732 2674 Sabbaitico
758 2610 1058 2694 Hierosolymitano
1082 2610 1244 2695 excerptis

210 2733 295 2820 apud
319 2731 528 2818 Blaydesium
556 2730 772 2814 „Adversaris
787 2731 822 2795 in
839 2732 1033 2796 comicorum
1050 2752 1241 2817 graecorum

210 2853 410 2940 fragmenta”
445 2858 528 2940 part.
559 2853 604 2918 Π.
636 2875 668 2939 p.
701 2853 766 2916 344
799 2874 864 2939 sqq.
898 2852 1105 2917 Adiectivum
1136 2853 1243 2924 ἄϋπνος

211 2983 258 3042 est
282 2999 334 3063 ap.
360 2976 456 3040 Hom.
483 2974 590 3039 Aesch
627 2973 703 3039 Eur.
730 2972 829 3059 Soph.
854 2973 939 3036 Plat.
964 2973 1054 3036 alios.
1088 2971 1135 3037 of.
1151 2993 1244 3059 prae·

210 3099 253 3164 fat
294 3101 312 3183 ξ
340 3098 416 3162 1οα
449 3103 482 3161 et
514 3096 615 3160 subet.
647 3095 758 3160 αΰπνία
782 3094 866 3160 Plat.
890 3095 990 3181 Legg.
1018 3096 1044 3158 7.
1071 3095 1134 3158 807
1153 3115 1181 3178 e,
1200 3094 1239 3158 al.

251 3217 471 3298 αὐτοσχεδίς
511 3218 532 3281 i.
569 3237 597 3281 θ.
636 3215 793 3301 „ducimur
827 3215 860 3280 τὸ
895 3216 997 3286 ἁπλῶς
1032 3213 1241 3295 εἷργαομένον”

206 3341 329 3428 legitur
366 3338 452 3426 apud
492 3336 708 3424 Hermippum
747 3338 781 3401 in
818 3337 854 3401 fr.
882 3340 932 3402 18.
973 3337 1026 3401 Sic
1067 3337 1153 3400 enim
1188 3359 1239 3423 ap.

204 3460 288 3528 Poll.
319 3463 347 3524 7.
374 3459 519 3551 891egit
546 3457 695 3541 Bekker3
719 3457 790 3522 cod.
815 3458 897 3522 Poll.
924 3459 954 3522 A
978 3458 1077 3523 habet
1101 3461 1241 3538 αὐτοοχο-

201 3580 260 3655 δὲς.
292 3580 486 3661 Αὐτοοχέδνος
519 3610 559 3634 =
584 3578 686 3650 οὲαλῶς
710 3578 899 3657 εἰργασμένος
923 3579 1042 3665 legitur
1067 3601 1116 3666 ap.
1143 3579 1238 3643 Dion.

168 3782 170 3787 Ι
201 3702 282 3770 Hal.
312 3705 339 3766 1.
365 3703 425 3785 40;
460 3704 488 3765 3.
514 3702 554 3764 67
581 3697 715 3788 (βωμὸς,
740 3700 850 3783 τείχη),
877 3700 984 3778 σχεδία
1009 3729 1049 3753 =
1074 3699 1240 3784 navigium

197 3826 309 3895 οὶοοαῶς
341 3820 528 3900 εἰργασμένον
561 3820 658 3884 Hom.
692 3820 801 3907 Eurip.
834 3819 985 3906 Xenoph.
1011 3822 1049 3903 (s.
1074 3819 1114 3884 de
1137 3826 1237 3906 ponte

197 3943 263 4010 tali
288 3942 385 4007 modo
409 3941 495 4007 facto
521 3940 638 4006 Aesoh.
665 3941 746 4006 Pers
784 3943 835 4005 69.
861 3942 939 4007 Her.
967 3943 995 4004 4.
1022 3944 1073 4005 88.
1111 3978 1151 3988 —
1189 3941 1237 4006 Of.

192 4063 308 4148 praef.
334 4061 352 4152 ᾗ
377 4063 436 4128 81.

249 4187 450 4258 αὐτότατος
486 4184 717 4271 „ipsissumus”
751 4184 875 4271 (Plaut.
908 4184 997 4248 Trin.
1031 4186 1060 4246 4.
1094 4185 1122 4247 2.
1156 4183 1236 4270 144)

187 4315 256 4374 est
290 4307 507 4394 superlativus
539 4306 660 4371 comice
692 4306 787 4369 fictus
819 4305 904 4392 apud
929 4305 1180 4391 Aristophanem
1203 4306 1237 4369 in
