2836 4934
272 308 349 355 xxu
584 284 589 295 '
653 304 915 355 rasnrsrro.

271 542 352 603 nent
382 538 480 603 etiam
511 538 633 604 formae
666 538 867 605 adverbiales
898 539 1099 626 interpositis
1132 538 1300 627 particulis

271 659 305 724 in
329 683 337 722 ι
360 659 653 725 demonstrativum
685 666 863 744 exeuntes,
896 681 976 748 quas
1000 661 1153 726 collectas
1175 660 1302 727 videbis

272 802 297 846 s.
322 803 350 846 v.
374 783 537 860 ἐνγεταυθί.

317 905 334 988 §
360 907 410 968 11.
457 904 624 969 Nonnulla
654 879 909 970 vocabula'non
941 905 1028 993 quod
1052 904 1093 970 ad
1118 905 1305 990 notionem,

273 1023 330 1090 scd
361 1025 448 1113 quod
479 1024 520 1091 ad
549 1026 707 1091 formam
732 1027 854 1091 attinet
877 1026 1073 1091 comicorum
1097 1025 1228 1113 propria
1250 1024 1307 1090 ha·

271 1146 380 1212 benda
403 1152 490 1212 sunt.
538 1147 613 1212 Huo
637 1147 760 1212 refero:

318 1292 346 1333 α.
392 1266 580 1350 Vocabula,
617 1288 701 1350 quac
736 1267 833 1332 aliam
865 1266 1000 1332 formam
1032 1265 1118 1354 apud
1151 1266 1305 1342 comicos,

273 1389 369 1455 aliam
402 1387 489 1476 apud
522 1388 664 1475 reliquos
697 1387 871 1475 scriptores
893 1385 1089 1467 induerunt,
1114 1385 1201 1451 soil:
1229 1383 1307 1450 οξλοέ·

272 1509 396 1594 βαστος,
417 1508 517 1594 ε’λαΐς,
534 1508 678 1595 κόψιχος,
695 1506 781 1592 νέαξ,
799 1508 1015 1593 πτωχίστεοος,
1033 1506 1146 1587 caprina,
1164 1505 1305 1588 οὶΐδρντος,

272 1631 409 1712 οέτρεαεέ,
429 1629 606 1716 σἰπολοπίζοι,
626 1627 799 1715 οέμεινένοις,
815 1629 951 1711 οὶδαχεῖν,
968 1629 1149 1713 doctrinan,
1168 1627 1306 1711 σκαλοψ,

272 1752 439 1832 ἠριστάναι,
464 1751 643 1818 δεδειπνάναι
667 1757 745 1818 cett.

316 1877 349 1956 β.
395 1875 569 1942 Adiectiva
592 1875 752 1958 verbalia,
769 1895 853 1963 quae
869 1872 956 1962 apud
972 1874 1058 1938 solos
1075 1871 1214 1938 comicos
1232 1893 1307 1937 con·

274 2004 402 2064 servata
426 2002 520 2081 sunt,
555 2018 629 2062 oum
652 1996 753 2062 verba
775 1996 846 2083 ipsa
870 1996 968 2060 ctiam
992 1992 1080 2081 apud
1104 1993 1184 2059 alios
1208 1993 1307 2080 scrip-

274 2123 360 2185 tores
383 2118 606 2201 inveniuntur,
631 2116 718 2204 quod
744 2123 854 2182 tamen
870 2138 936 2181 non
953 2115 1016 2180 nisi
1031 2116 1165 2180 fortuito
1183 2116 1305 2181 factum

274 2262 345 2306 csse
381 2241 459 2305 satis
494 2245 618 2306 eertum
654 2246 722 2325 est,
763 2261 837 2306 cum
872 2236 1012 2327 plurima
1046 2240 1110 2304 alia
1145 2237 1307 2303 adiectiva

275 2359 419 2426 verbalia
450 2358 491 2425 ab
525 2359 629 2424 omnis
661 2359 789 2446 generis
814 2359 1025 2447 scriptoribus
1049 2364 1205 2445 usurpata
1229 2358 1305 2422 sint.

274 2481 478 2546 Oomicorum
511 2484 621 2546 autem
653 2479 784 2566 propria
816 2485 909 2545 sunt:
934 2477 1150 2558 ἀποπατητέον,
1172 2479 1307 2558 οὶπαρνσ·

194 2590 197 2597 ’
273 2604 345 2689 τὲον,
363 2601 519 2683 κρουστέον,
535 2601 755 2688 μαστιγωτέος,
772 2601 939 2684 πλευστέα,
956 2602 1101 2677 παστέος,
1113 2600 1305 2678 σννεκποτέα,

272 2722 462 2800 οὶποααρτέος.

319 2845 337 2928 ξ
371 2845 421 2908 12.
469 2843 655 2931 Sequantur
695 2843 853 2907 vocabula
891 2843 924 2907 in
964 2843 1132 2908 comoedia
1171 2845 1306 2930 antiqua

274 2965 413 3051 primum
449 2964 561 3047 obvia,
598 2985 681 3052 quae
717 2964 888 3030 seriores
923 2964 1053 3030 demum
1090 2967 1305 3053 scriptores

274 3085 342 3150 sive
365 3105 442 3150 casu
466 3085 534 3150 sive
558 3085 598 3151 de
613 3085 776 3151 industria
799 3085 1080 3151 adhibuerunt.
1106 3088 1192 3153 Data
1209 3110 1307 3175 opera

274 3204 307 3269 id
331 3206 444 3294 procul
468 3205 567 3271 dubio
592 3206 739 3272 lecerunt
763 3208 825 3272 scri
850 3206 1048 3273 Graecorum
1072 3215 1225 3295 nepotes,
1249 3211 1306 3292 qui

275 3329 417 3416 antiquis
440 3327 535 3405 λέξεσι
560 3335 725 3415 tamquam
741 3329 877 3414 gemmis
894 3329 1014 3416 scripta
1030 3315 1088 3394 sua
1105 3329 1306 3416 distinguere

275 3450 461 3516 studebant.
509 3450 638 3515 Aetatis
677 3449 790 3514 ordine
829 3449 864 3512 hi
903 3455 1000 3513 sunt:
1048 3449 1306 3534 Demosthenes,

276 3571 488 3654 Aristoteles,
524 3570 788 3656 Theophrastus,
824 3570 920 3635 Dion.
957 3570 1143 3655 Halicarn,
1179 3572 1307 3637 Plutar-

275 3691 372 3774 chus,
411 3691 455 3755 M.
496 3691 703 3774 Antoninus,
743 3691 926 3774 Lucienus,
963 3692 1207 3775 Artemidorus,
1244 3693 1306 3757 Dio

275 3810 424 3896 Cassius,
458 3810 615 3894 Babrius,
652 3810 850 3898 Alciphron,
886 3813 1062 3896 Aelianus,
1095 3814 1306 3897 Athenaeus,

276 3931 397 3996 Sextus
428 3930 628 4017 Empiricus,
659 3931 811 3997 Clemens
842 3933 1103 4018 Alexandrinus,
1129 3935 1307 4001 Philostra-

275 4057 345 4136 tus,
381 4052 558 4137 Libanius,
593 4053 876 4142 Theophylactus,
912 4057 1122 4142 Eustathius,
1160 4060 1307 4126 Tzetzes.

276 4173 446 4239 Vocabula
468 4179 562 4240 sunt:

320 4295 539 4376 ἀπαράτιλτος,
563 4298 747 4380 carpserat,
771 4298 902 4375 σποδεῖν,
919 4301 1080 4384 οὶνοιφλοὶν,
1097 4301 1304 4385 αποιιαθεύδω,
