2836 4934
547 307 804 356 PRAEFATIO.
865 267 870 277 Ι
1128 311 1192 357 XXI

158 537 283 604 vernali
313 537 347 602 in
378 538 535 605 lusciniae
567 541 724 606 honorem
756 544 920 628 sumptum
951 539 1097 623 videtur,
1124 540 1192 604 scil.

157 653 346 741 ῶντιψοὶλλω.

202 781 220 864 ξ
244 782 274 844 9.
311 779 412 846 Aliud
435 801 538 867 genus
558 781 808 861 vocabulorum,
825 804 909 870 quae
925 782 1043 870 partim
1060 782 1192 850 aliunde

158 922 177 966 a
201 901 332 966 comicis
357 907 487 989 sumpta
512 907 606 980 sunt,
639 908 690 968 est
714 923 844 987 eornm,
868 903 903 967 in
927 901 1045 990 quibus
1067 902 1194 968 inveni·

157 1026 211 1087 tur
242 1023 297 1110 qui
329 1022 448 1088 dicitur
479 1022 883 1107 παραγραμματιομος,
915 1023 936 1090 i.
962 1044 990 1088 e.
1014 1023 1049 1088 in
1073 1022 1191 1110 quibus

158 1165 224 1210 una
254 1145 308 1210 vel
338 1167 461 1232 paucae
491 1145 588 1211 modo
611 1146 742 1212 litterae
766 1149 912 1210 mutatae
936 1150 1033 1228 sunt,
1062 1149 1098 1210 ut
1121 1166 1194 1231 par-

159 1267 327 1332 onomasia
350 1267 489 1355 quadam
513 1269 612 1333 risum
637 1274 808 1334 moverent
829 1273 958 1356 poetae.
989 1268 1081 1333 Haec
1098 1273 1192 1332 sunt:

202 1387 438 1475 ῶποβολιμαῖος,
461 1387 660 1473 βομβαύλιοι,
676 1389 850 1468 βαλληναδε
859 1439 868 1468 ,
884 1389 1025 1474 βυρσίνη,
1043 1390 1192 1466 ἱππαπαῖ,

158 1504 292 1590 ἵππερος,
328 1509 510 1594 σκοτοβινιῶ,
547 1511 685 1594 οὶρρησία,
723 1512 948 1601 ῶναφλοὶστιος,
984 1514 1193 1596 κατωφαγᾶς,

158 1638 326 1717 κεφαλῆσι,
350 1634 473 1719 ορνεαῑς,
487 1633 564 1719 ,alia
587 1633 735 1700 fortasse.

204 1755 292 1838 §lu
340 1753 477 1841 Saepius
509 1754 607 1820 ctiam
632 1754 803 1820 observavi
827 1754 966 1819 comicos
991 1752 1194 1819 adverbiis

159 1897 236 1941 usos
269 1897 359 1960 csse,
392 1896 475 1965 quae
505 1877 540 1940 in
571 1875 690 1942 litteris
714 1897 874 1963 nusquam
899 1874 976 1940 alibi
1000 1881 1135 1959 extant3
1159 1874 1193 1939 in

162 1999 225 2064 tria
248 2019 369 2084 genera
391 1997 473 2063 baec
497 1996 652 2063 adverbia
669 1997 799 2062 discribi
815 2018 911 2084 posse
927 1995 1007 2061 mihi
1022 1994 1192 2062 videntur:

207 2142 239 2186 α.
286 2117 472 2202 Adverbia,
498 2140 581 2223 quae
604 2119 675 2206 ipsa
698 2118 785 2207 apud
809 2120 894 2184 solos
918 2119 1058 2184 comicos
1080 2120 1195 2207 legun·

164 2246 227 2324 tur,
253 2262 326 2305 cum
345 2239 522 2314 adiectiva‚
544 2262 564 2304 a
580 2240 698 2328 quibus
715 2239 861 2306 derivata
878 2246 972 2326 sunt,
989 2241 1088 2305 etiam
1107 2237 1194 2326 apud

164 2359 245 2424 alios
274 2360 447 2446 scriptores
470 2359 692 2424 inveniuntur.
740 2361 892 2427 Profecto
916 2360 1050 2425 fortuito
1073 2359 1194 2425 factum

161 2487 229 2566 est,
262 2480 348 2568 quod
374 2481 452 2545 talia
476 2479 630 2546 adverbia
653 2481 740 2568 apud
764 2481 849 2546 solos
873 2480 1039 2546 comicos
1064 2483 1193 2546 servata

160 2607 247 2666 sunt.
294 2601 376 2666 Mihi
400 2608 626 2667 occurrerunt:

203 2721 336 2797 οὶῶπνως,
370 2723 530 2809 ἀρρήκτως,
554 2724 698 2809 οὶγλαῶς,
721 2729 946 2803 consecuturis,
970 2724 1194 2806 δημιουργικῶς,

160 2844 313 2924 ἐκνομίως,
337 2843 503 2930 ἡμικάκως,
527 2849 734 2925 κενταυρικῶς,
756 2846 993 2927 παιδοτριβικῶς,
1017 2845 1154 2923 μανῶκις.

204 2963 238 3041 β.
284 2963 453 3031 Adverbia
491 2964 725 3033 descendentia
760 2967 801 3032 ab
836 2967 1006 3033 adiectivis
1041 2989 1125 3055 quae
1160 2967 1194 3032 in

159 3085 279 3150 litteris
302 3088 422 3152 nostris
447 3109 513 3153 non
536 3095 670 3155 extant:

205 3214 453 3292 γενναιοπρεπῶς,
496 3211 698 3290 ἐριοπωλικῶς,
735 3210 924 3295 τριβωνικῶς,
960 3212 1195 3296 ἀνεκλογίστως,

159 3337 408 3419 κομψευριπικῶς,
433 3334 627 3421 προμηθικῶς,
652 3352 736 3420 quae
759 3333 953 3421 plerumque
977 3335 1098 3401 comice
1120 3334 1196 3400 ficta

163 3457 251 3519 sunt.

205 3598 237 3652 γ.
283 3573 451 3641 Advcrbia
474 3576 652 3663 quaedam,
682 3598 748 3642 non
772 3576 921 3643 derivata
944 3578 985 3642 ab
1009 3577 1195 3647 adiectivis:

206 3698 376 3782 ταχεωστί,
400 3698 621 3784 τραπέμπαλιν,
646 3697 873 3780 πλεισταχόθεν,
895 3698 1015 3775 στάδην.
1043 3698 1195 3787 Denique

160 3840 264 3885 unum
296 3824 426 3884 tantum
459 3821 716 3909 comparativum
747 3820 894 3887 adverbii
926 3822 960 3886 in
984 3844 1034 3894 ως
1064 3843 1123 3909 pro
1156 3846 1197 3886 -ov

160 3942 290 4025 inveni,
323 3942 391 4007 scil.
424 3942 591 4027 εὐρυτέρως,
626 3943 713 4032 quod
737 3944 816 4010 alibi
839 3964 905 4010 non
929 3949 1041 4031 extat,
1066 3943 1197 4010 tametsi

159 4065 223 4129 hoc
258 4063 484 4130 adverbiorum
520 4086 623 4152 genus
654 4066 845 4153 praesertim
879 4065 1089 4131 coniunctum
1122 4087 1195 4131 cum

159 4186 269 4252 verbis
292 4186 381 4273 ἔχειν
395 4191 430 4252 et
452 4186 609 4252 διακεῖσθαι
629 4187 716 4275 κρινῶ
733 4186 901 4275 pedestres
917 4186 1005 4252 haud
1021 4187 1069 4251 ita
1085 4207 1193 4251 rarum

157 4315 220 4376 est.
255 4310 431 4375 Praeterea
462 4308 503 4373 ad
536 4309 692 4375 adverbia
719 4310 915 4375 comicorum
939 4310 1069 4396 propria
1095 4308 1195 4396 perti-
