2836 4934
532 273 767 350 Αἱμολοπλόκορ.
1142 279 1161 341 9

136 519 306 608 (farcimen
337 522 494 608 sanguine
528 521 682 610 mixtum)
713 523 835 610 Sophil.
861 545 942 590 eom.
969 526 998 588 3.
1023 525 1096 590 582.
1119 562 1162 573 -

135 639 347 721 αἱααπολοιχός
378 641 497 707 Aeseh.
521 643 583 729 Ag.
612 645 708 711 1457.
734 643 949 725 αἱματορρόφορ
972 644 1065 709 Eum.
1091 647 1164 709 184.

134 763 258 829 Voeab.
282 761 490 840 αἱματοπώτης
513 765 656 851 pertinet
679 765 720 830 ad
736 766 915 852 composita
931 766 1092 833 obieetiva
1109 766 1163 848 (ef.

135 882 326 973 όνριοποιός).

180 1005 448 1082 αἱμολοπλόκορ
487 1005 597 1087 „dolos
633 1006 787 1072 necteus''
819 1007 939 1094 legitur
969 1008 1056 1094 apud
1089 1007 1165 1073 Ora·

109 1127 240 1191 ⁴tinum
270 1127 304 1191 in
335 1126 370 1191 ir.
404 1129 497 1191 3191.
529 1127 604 1193 Adi.
638 1126 762 1205 αἱμύλος
795 1133 844 1194 eet
871 1129 1039 1211 „dolosus”
1064 1130 1163 1217 Soph.

136 1249 188 1314 m.
222 1249 294 1314 381.
327 1248 493 1335 Aristoph.
516 1249 591 1335 Lye.
618 1251 714 1318 1269.
740 1250 793 1315 Sia
818 1251 1033 1336 compositum
1057 1250 1166 1328 αἱμο-

134 1369 270 1452 λόφραν
294 1371 315 1435 i.
340 1392 370 1457 q.
394 1370 546 1452 δολιόφρων
571 1376 621 1437 eat
644 1370 730 1459 apud
755 1371 858 1436 solum
882 1370 1051 1437 Cratinum
1074 1372 1109 1436 in
1125 1372 1163 1437 fr.

136 1492 232 1558 31911.
256 1491 293 1557 ef.
317 1492 521 1569 αἱμολομόπκς
545 1492 588 1556 Η.
614 1492 644 1557 h.
668 1492 766 1557 Mero.
787 1495 836 1557 13.
854 1492 908 1557 Ad
924 1492 1059 1558 formam
1076 1495 1164 1560 roei·

135 1612 350 1690 αἱμολοπλόκος
367 1613 406 1676 ef.
424 1613 595 1685 δολοπλόκος
612 1613 733 1700 Sapph.
756 1616 784 1680 1.
802 1616 832 1678 2.
850 1613 1031 1686 πολύπλοκος
1050 1613 1164 1703 (paee.)

138 1736 193 1801 111.
226 1733 357 1799 Theem,
382 1736 456 1800 435.
483 1737 556 1801 463.
580 1737 660 1801 Luc.
684 1737 795 1813 Amor.
821 1739 849 1801 2.
874 1737 930 1820 ai,
955 1758 1037 1824 quae
1061 1738 1159 1802 etiam

136 1856 176 1920 ad
207 1857 374 1923 notionem
399 1858 577 1945 comparari
599 1865 746 1946 possunt.
772 1859 825 1924 Ad
849 1859 983 1924 formam
1007 1860 1096 1924 vocis
1120 1861 1166 1923 αἱ·

137 1978 292 2061 ρονλόφριον
329 1979 368 2044 ef.
401 1978 553 2062 δολιόφρων
583 1979 701 2046 Aesch.
734 1979 814 2046 Oho.
848 1982 922 2046 935.
957 1978 1033 2046 Eur.
1065 1980 1091 2044 I.
1124 1980 1166 2045 A.

141 2100 235 2163 1301.
268 2097 483 2181 κερδαλεόφρον
513 2098 609 2164 Ηο111.
641 2099 679 2164 Α.
713 2101 784 2163 149.
817 2112 843 2165 Δ
876 2101 949 2166 339.
976 2100 1167 2182 ποικιλόφρων

137 2220 212 2286 Eur.
237 2219 319 2284 Hee.
345 2221 401 2305 30,
428 2240 510 2306 quae
534 2219 633 2283 etiam
657 2219 698 2284 ad
722 2240 850 2285 sensum
875 2220 1016 2304 faciunt,
1041 2220 1165 2286 similia.

137 2341 352 2419 αἱαολοπλόκος
393 2346 443 2406 eet
480 2340 693 2427 compositum
729 2340 944 2425 obieetivum,
979 2342 1167 2426 αἱμολόφραν

137 2464 177 2531 ef.
203 2463 378 2541 βαόόκομος.

179 2583 412 2662 αἱανλόΦρων
438 2582 512 2648 vide
536 2582 577 2646 ad
601 2604 669 2648 voe.
693 2582 921 2659 αἱμολοπλόκος.

180 2705 324 2776 αἰολίας
347 2703 422 2769 vide
447 2703 488 2768 ad
512 2725 581 2769 voe.
605 2703 800 2784 οἱμφίκολλος.

181 2825 356 2907 αόρόπινον
382 2825 542 2906 „cribrum
559 2847 623 2912 quo
639 2825 838 2890 frumentum
855 2847 875 2890 a
894 2826 971 2890 lolio
988 2827 1168 2914 purgatur'’

137 2946 283 3036 (Dindf.)
316 2947 437 3034 legitur
460 2946 546 3033 apud
570 2945 826 3033 Aristophanem
848 2945 883 3009 in
906 2945 945 3010 fr.
971 2948 1052 3010 480:
1076 2944 1169 3027 ὥσπερ

136 3072 275 3149 αἲρόπινον
300 3073 444 3148 πέπραται.
473 3069 511 3136 ef.
536 3068 641 3133 Bekk.
666 3068 790 3135 Aneed.
817 3070 945 3136 22.11;
970 3069 1109 3150 αἱρόπινον
1124 3067 1170 3134 οὖν

135 3191 169 3256 τό
193 3188 317 3254 κόσκινον
340 3188 373 3253 τό
398 3189 454 3260 τοὶς
479 3186 581 3267 αἴρας,
606 3187 673 3267 όπερ
697 3189 758 3253 ἐστὶ
782 3189 867 3270 ῥύπος
890 3194 945 3253 τῶν
968 3195 1077 3277 πυρῶν,
1101 3193 1169 3255 καό-

137 3316 223 3387 αῑρον.
259 3309 407 3395 Hesyeh:
443 3307 598 3386 αἲρόπινον·
635 3307 776 3394 κόσκινον,
809 3311 838 3372 ἐν
868 3304 888 3386 ᾧ
916 3311 995 3388 πυροὶ
1026 3310 1168 3388 ον’όονται.

136 3435 261 3501 Vocab.
286 3434 362 3515 αἴραν
388 3433 424 3522 (i.
449 3456 475 3499 e.
499 3433 600 3512 ἄγριαι
623 3431 764 3522 βοτάναι)
790 3439 840 3499 est
860 3455 909 3520 ap.
926 3433 1112 3500 Pherecrat.
1130 3435 1169 3502 f.

141 3561 213 3623 188.
238 3556 417 3644 ΤΙιθορ111.,
442 3556 482 3620 al.
510 3555 612 3621 Bekk.
637 3555 699 3620 An.
725 3557 832 3620 2111
852 3554 1045 3620 vocabulum
1070 3557 1169 3620 etiam

139 3677 286 3742 derivare
320 3675 451 3742 videtur
482 3697 501 3740 a
532 3696 611 3741 voce
643 3676 740 3752 πίνος,
774 3674 852 3740 dicit
884 3676 987 3741 euim:
1012 3675 1168 3753 αι’ρόπινον·

140 3797 275 3863 κόσκινον.
300 3796 377 3869 πόνος
399 3797 459 3875 γὰρ
481 3796 605 3877 όρόποο.
629 3796 710 3861 Vae.
735 3796 813 3867 πίνος
837 3801 887 3860 eet
910 3818 961 3883 ap.
987 3802 1088 3883 tragg.
1105 3800 1168 3885 Ap.

141 3919 249 3986 Rhod.
274 3924 307 3984 et
330 3917 494 4005 prosaicos
518 3918 692 4004 aequiores.
719 3917 758 3983 ef.
782 3916 917 4004 praefat.
942 3919 959 4001 ξ
983 3920 1002 3982 3
1027 3921 1051 3982 ό.

184 4041 380 4111 οὶκαλανόίς
415 4060 534 4105 nomen
570 4040 656 4122 avis,
691 4038 827 4105 fortasse
862 4040 883 4106 i.
920 4061 950 4126 q.
985 4040 1101 4112 οὶκανόίς
1137 4045 1171 4105 et

138 4160 315 4232 όκανόολλός
349 4157 528 4246 (nostrum
560 4156 750 4242 distelvink)
775 4159 850 4225 lae:
878 4157 1088 4241 „carduelia”,
1112 4160 1169 4226 Ar.

139 4283 203 4350 Ar.
229 4284 311 4366 811,
335 4283 400 4346 812
423 4281 458 4345 in
480 4281 551 4347 loeo
575 4285 737 4367 corrupto.
762 4281 800 4345 ef.
826 4281 961 4372 praefat.
985 4283 1003 4369 §
1027 4284 1095 4349 3α.
1130 4281 1169 4349 In
