2836 4934
193 283 255 348 108
590 277 829 359 Ἐγκατκκρούω.

235 525 508 607 ἐγκατακρούω
532 526 639 613 signif.
653 551 654 554 ¹
667 525 817 614 „pulsare
841 502 1011 592 ohoream’'
1034 526 1121 614 apud
1138 528 1229 593 Aris·

189 648 367 736 tophanem
390 648 424 712 in
448 648 534 713 Ran.
562 668 593 712 v.
612 647 693 714 330:
718 648 819 727 θρασεῖ
832 645 1054 729 ἐγκατακρούων
1077 647 1151 714 τοδί.
1178 650 1228 716 of.

189 791 258 838 voe.
274 769 408 850 ε’γκρούω.
435 768 585 857 Simplex
601 767 705 848 κρούειν
722 768 837 836 eodem
854 791 953 836 sensu
968 769 1091 857 legitur
1106 770 1185 836 Eur.
1201 771 1228 840 Ι.

190 893 231 958 Α.
260 894 355 958 1043.
381 891 479 957 Hero.
499 892 595 957 1304.
619 892 692 957 Arr.
710 891 773 957 An.
792 895 822 956 7.
842 894 867 956 l.
887 894 917 975 7,
933 891 1098 973 ἀνακρούειν
1113 893 1228 974 χορείην

189 1014 296 1080 Nonn.
322 1014 419 1079 Dion.
448 1014 496 1079 13.
521 1014 595 1079 504.
630 1012 730 1101 Apud
754 1013 920 1100 aequiores
943 1014 1150 1096 ἐγκατακρούω
1179 1021 1229 1080 est

193 1133 349 1220 „infigere
362 1131 430 1201 in.’'
447 1133 674 1213 Ἐγκατακρούω
691 1133 732 1198 ab
748 1133 967 1221 Aristophane
984 1133 1161 1200 formatum
1178 1140 1229 1200 est

191 1281 211 1323 a
227 1258 332 1345 simpl.
347 1255 433 1339 κρούω
451 1256 579 1322 duabus
595 1254 892 1344 praepositionibus
908 1255 1117 1342 antepositis,
1133 1267 1228 1321 κατα-

189 1377 276 1458 κρούω
301 1378 417 1444 saltem
442 1375 501 1443 hae
525 1377 659 1444 notione
683 1397 750 1443 non
774 1376 905 1463 legitur.
930 1376 977 1442 01.
1001 1376 1101 1442 otiam
1126 1379 1225 1460 ἐγκρο-

194 1507 255 1566 πείν
277 1521 329 1588 ap.
354 1500 488 1566 Theoor.
517 1501 566 1566 18.
594 1502 627 1566 7:
660 1500 699 1571 είς
722 1496 751 1563 ἐν
773 1497 863 1576 μέλος
886 1498 1087 1580 ἐγκροτίουσαι
1112 1500 1223 1566 ποσσίν.

234 1621 399 1705 ἔγκκφος
424 1620 586 1708 signifieat
613 1620 665 1704 „ri
688 1618 865 1702 ἐλοίχιστον”
882 1641 945 1687 seo.
970 1622 1088 1688 Zonar.
1110 1623 1175 1688 603
1193 1628 1227 1688 et

189 1742 339 1808 Eustath.
368 1743 464 1810 1481.
489 1744 531 1808 34
556 1747 590 1808 et
613 1742 733 1828 legitur
757 1740 843 1829 apud
868 1741 1012 1830 Eupolin
1036 1743 1070 1807 in
1086 1742 1125 1807 fr.
1144 1744 1226 1808 330:

188 1867 219 1930 ού
241 1866 301 1942 γίιρ
324 1864 480 1930 λέλειπται
503 1869 559 1930 τῶν
583 1865 660 1942 ἐμῶν
684 1861 741 1930 οὐδ’
767 1863 914 1948 ἐγκοιφος,
933 1864 1067 1951 proprio
1088 1864 1228 1947 „frustu-

105 2052 108 2056 Α
188 1983 418 2069 1ιιιιι,φωμύς”
444 1985 501 2070 (Η.
527 1983 668 2074 steph).
694 1985 743 2053 01.
768 1983 911 2063 ε’γκιίπτω
932 1985 993 2050 sub
1017 2006 1108 2052 vooe.

234 2104 443 2187 ε’γκιλικίζυ
490 2106 676 2194 „imponere
720 2104 817 2171 alieni
856 2104 1028 2172 oilioatim''
1064 2107 1227 2194 (Grotius)

188 2227 308 2313 legitur
333 2248 384 2314 ap.
409 2227 642 2293 Pherecratem
665 2228 700 2292 in
724 2228 762 2294 fr.
789 2230 870 2295 loo:
894 2229 941 2294 ύεί
967 2231 1030 2295 ποθ’
1056 2233 1126 2309 ἡμῖν
1149 2231 1228 2309 ἐγκι-

188 2347 325 2430 λικίζουσ’
357 2348 382 2414 ον’
414 2349 478 2416 ύεοί.
503 2349 551 2415 Of.
576 2349 683 2436 Etym.
708 2371 749 2415 m.
774 2350 928 2433 ἐγκιλίζειν
952 2351 986 2418 τὸ
1009 2352 1226 2434 πονηρεύεσύοιι,

188 2472 248 2537 aab
271 2480 324 2548 της
348 2476 403 2536 τῶν
426 2472 549 2538 Κιλίκων
572 2471 715 2552 πονηρίας.
741 2472 864 2545 Κίλικας
887 2472 1032 2555 γίορέύοος
1045 2474 1092 2540 ἕπί
1106 2474 1217 2557 πουηρί,

188 2589 432 2672 διαβαλλόμενον.
456 2593 580 2659 Eadem
605 2593 673 2660 fere
698 2593 818 2660 docent
842 2592 939 2659 Phot.
965 2598 999 2659 et
1023 2593 1115 2660 Suid.
1145 2595 1227 2660 Ver·

188 2715 267 2780 hum
291 2715 389 2780 etiam
413 2713 534 2800 legitur
558 2713 644 2802 apud
668 2713 924 2801 Aristophanem
944 2715 1032 2782 infr.
1053 2717 1136 2781 105:
1153 2714 1180 2782 εί
1193 2714 1225 2795 γ’

189 2835 414 2920 ἐγκιλικίσαιμ,
440 2833 599 2920 ἐξολοίμην,
623 2835 696 2919 ooo>
718 2834 822 2914 λέγων,
846 2835 979 2902 secund.
1004 2835 1225 2903 coniecturam

190 2958 334 3044 Berghii,
351 2957 408 3024 ubi
425 2964 535 3024 tamen
553 2957 657 3023 Kook.
675 2962 829 3024 annotat:
857 2958 928 3040 „hio
945 2957 1023 3047 quid
1041 2958 1225 3044 significare

189 3078 292 3164 possit
329 3075 467 3144 nesoio''.
507 3077 654 3165 Simplex
688 3075 815 3160 κιλικίζω
855 3084 889 3144 et
924 3078 1026 3155 subet.
1062 3079 1225 3156 κιλικισμύς

190 3199 402 3265 inveniuntur
413 3201 448 3265 in
470 3205 550 3266 vett.
573 3200 639 3266 lex.

234 3321 518 3405 ἐγκοισυρούσύαι
556 3322 737 3408 „Cossyrae
773 3322 915 3388 moribus
946 3319 1067 3387 imbui’'
1101 3322 1225 3410 legitur

189 3441 275 3530 apud
299 3441 466 3530 Aristoph.
490 3443 524 3508 in
547 3443 633 3509 Nub.
659 3464 689 3510 v.
715 3445 774 3511 48:
799 3443 891 3509 ἔπειτ’
905 3443 1008 3522 ἔγημα
1027 3444 1225 3523 Μεγακλέους

188 3562 347 3646 atriorem
362 3570 518 3647 τρυφῶσαν
529 3563 814 3645 ἐγκεκοισυρωμένην.
840 3565 948 3631 Sohol.
964 3567 1005 3633 πίι
1016 3575 1070 3642 της
1081 3567 1224 3648 Κοισύρας

188 3687 309 3768 φρονεῖν,
331 3689 470 3764 περισσῶς
492 3685 678 3764 κοσμεῖσθαι,
705 3685 958 3769 καλλωπίζεσθαι,
983 3687 1083 3767 ὁμοίως
1105 3697 1143 3771 τῇ
1158 3699 1225 3754 Κοι-

189 3799 277 3886 σύρρο·
301 3802 376 3881 αὕτη
399 3805 429 3869 δέ
445 3803 476 3881 ἦν
499 3805 572 3885 γυνή
588 3830 632 3880 τις
649 3806 727 3873 ποίνυ
743 3808 848 3881 ἐαυτην
863 3813 1013 3888 κοσμοῦσα
1028 3808 1155 3889 ἱματίοις
1170 3814 1225 3879 καί

188 3935 225 4009 τῇ
244 3923 325 4011 ι’ίλλη
345 3928 474 4012 διαίτη).
499 3927 546 3995 01.
571 3928 657 3994 Nub.
679 3930 754 3995 300.
779 3929 834 3994 Ad
849 3929 985 3996 formam
1001 3930 1075 3998 vide
1092 3932 1227 4014 ἐγιωρδυ·

189 4051 300 4115 λεῖσύαι
331 4050 417 4115 Nub.
450 4050 499 4114 10.
534 4050 799 4117 ἐντευτλανούσύαι.
835 4051 917 4117 th.
944 4054 1019 4119 894.
1053 4054 1226 4135 ἐνύριούσύαι

189 4173 265 4259 Lys.
298 4172 373 4236 664.
404 4159 632 4238 ἐνασπιδούσύαι.
665 4173 747 4240 Aah.
772 4176 848 4241 368.
874 4175 1127 4257 ἐμφορβειούσύαι.
1156 4177 1225 4248 Av.

191 4296 265 4362 861.
291 4293 339 4360 01.
364 4315 433 4360 voo.
457 4293 626 4377 ἐκκαυλίζων.
