2836 4934
551 284 712 365 Ἀκάριρτος.
1107 288 1143 350 ll

117 557 215 610 ματα.
240 533 400 600 Verbum:
424 531 646 598 ἀκολασταίνειν
671 530 874 621 (petulanter
896 535 1008 621 agere)
1025 536 1065 600 ef.
1082 534 1146 602 Av.

121 656 215 721 1227.
238 655 322 721 Plat.
349 655 431 741 Rep.
456 657 484 718 8.
509 655 573 719 555
598 654 627 719 d.
650 654 850 720 Moneudum
874 660 925 721 ert
948 654 1035 741 apud
1057 656 1159 751 Aris·¹

119 778 295 866 tophauem
332 776 596 853 ἀκολαστάσματα
635 798 706 842 esse
743 777 1012 842 coniecturam
1046 798 1148 863 quan·

119 899 238 963 tumris
261 904 372 963 tamen
394 896 596 985 probabilem
619 896 762 963 Dobraei
785 919 844 984 pro
860 898 1004 963 ἀκόλαστ’
1020 899 1149 974 ἀσματα

118 1019 273 1085 codicum.
297 1017 497 1095 ἀκολάστνμα
519 1017 619 1083 habeb
642 1018 729 1084 Plut.
755 1018 860 1084 (διατι.
886 1019 940 1084 32.
963 1019 1014 1084 De
1030 1017 1157 1084 forma·'

119 1140 209 1205 tione
232 1139 271 1204 uf.
295 1137 532 1219 βωμολάχενμοο.

163 1260 332 1341 ἀκόρητος
375 1266 425 1326 est
470 1261 649 1344 ᾖἰιιοιιὶἀιιε,
694 1262 826 1328 minimo
866 1261 1021 1327 ornatus”
1060 1260 1147 1348 apud

119 1381 287 1469 Aristoph.
310 1382 346 1447 in
359 1381 444 1447 Nub.
461 1403 505 1447 vs.
523 1383 582 1448 44:
606 1383 758 1469 εὐρωτιῶν,
774 1382 928 1464 ἀκόρητος,
945 1383 1005 1463 εἰκῇ
1020 1381 1148 1460 κείμενος

121 1499 243 1590 (Schol.
281 1502 525 1586 ἀκοιλλάπιστος,
563 1501 797 1583 καλλωπίζεσθαι
834 1508 884 1569 est
922 1525 956 1569 se
995 1503 1148 1592 ornatu).

120 1625 194 1691 Ηοο
226 1645 323 1690 sensu
355 1624 450 1689 modo
483 1623 570 1711 apud
600 1625 740 1690 comicos
770 1625 907 1712 legitur,
931 1647 1062 1714 prorsus
1085 1627 1148 1692 alio

121 1743 391 1832 („inratiabilis‘’)
424 1743 510 1831 apud
540 1744 639 1810 Hom.
672 1749 705 1810 et
734 1744 924 1813 Hesiodum.
949 1746 988 1811 cf.
1013 1747 1148 1834 praefat.

122 1863 140 1952 5
164 1865 185 1929 2
199 1864 232 1942 β.
255 1864 306 1930 De
322 1864 425 1930 forma
439 1843 573 1930 vide‘ad
588 1865 782 1931 vocabulum
798 1866 979 1945 ἀψήφιστος.
1003 1868 1150 1934 Verbum

121 1986 202 2066 κορὲω
226 1992 277 2052 est
300 2009 349 2074 ap.
373 1987 471 2055 Hom.
496 1987 611 2074 Eupol.
635 1987 804 2053 Demosth.
829 1993 889 2054 etc.

164 2107 397 2187 ἀκροβελάδες
438 2134 480 2168 =
522 2107 581 2189 „rob
620 2104 696 2185 ἀκρον
734 2112 790 2171 τῶν
827 2105 1003 2184 ἀβελίσκων”
1043 2108 1148 2176 Bekk.

120 2228 245 2295 Anecd.
282 2230 357 2294 371.
393 2230 450 2313 28)
480 2228 600 2315 legitur
631 2227 717 2316 apud
740 2227 942 2315 Archippum
965 2228 1060 2293 infr.
1088 2230 1146 2296 10:

120 2350 154 2415 τὸ
184 2356 241 2431 πάρ
270 2351 346 2416 πολὺ
369 2349 454 2415 λίαν·
479 2348 579 2428 ὕπαγε
602 2350 657 2420 τάς
684 2349 887 2430 ἀκροβελιδως.
910 2348 1085 2428 Ὀβελίσκος
1109 2351 1148 2415 cf.

121 2472 181 2537 sub
204 2493 295 2538 voce.
320 2472 423 2550 ὀβολός
448 2472 561 2538 eodem
587 2493 684 2538 sensu
708 2493 759 2559 ap.
777 2472 873 2537 Hom.
890 2472 927 2537 Il.
949 2475 976 2536 1.
995 2473 1070 2538 465.
1087 2471 1149 2538 Od.

123 2594 174 2658 14.
209 2596 248 2658 77
281 2599 342 2661 eto.
374 2595 454 2660 Her.
485 2596 515 2662 2.
551 2595 623 2659 135.
655 2593 732 2659 Eur.
764 2594 850 2682 Cycl.
875 2595 951 2660 302.
975 2595 1150 2661 Praeterea

120 2715 161 2780 cf.
185 2715 320 2803 praefat.
345 2716 363 2800 ἕ
386 2713 448 2795 3ζ.

165 2838 331 2909 ἀκύκλιος
366 2835 553 2921 „indoctus,
584 2832 777 2916 ἀπαίδευτος,
809 2836 830 2899 i.
863 2857 891 2900 o.
921 2834 1016 2920 inops
1046 2841 1098 2908 τῆς
1121 2835 1150 2898 ἒν

121 2960 218 3039 κύκλῳ
240 2958 375 3026 παιδείας
398 2957 503 3023 Bekk.
526 2957 652 3024 Aneed.
678 2959 753 3024 373.
777 2954 858 3045 21)”
880 2954 1013 3043 (Kock.)
1030 2956 1151 3042 legitur

120 3081 209 3169 apud
232 3081 405 3145 Platonem
427 3079 461 3144 in
485 3079 523 3146 fr.
548 3081 624 3146 227.
649 3080 803 3156 ἧὲγκνκλ.
820 3076 955 3160 παιδεία,
973 3077 1014 3142 τά
1030 3077 1150 3152 ἕγκυκλ.

120 3202 289 3279 μαθήματα
322 3200 391 3266 sivo
422 3199 461 3263 τά
492 3198 635 3277 ἐγκύκλια
667 3197 753 3286 (sine
778 3198 1013 3281 substantivo),
1037 3219 1150 3262 cursus

121 3323 241 3389 artium
271 3342 350 3408 quas
374 3320 532 3386 docentur
554 3320 647 3408 pueri
669 3320 822 3406 ingenui,
846 3319 886 3384 uf.
910 3319 1049 3385 Aristot.
1072 3318 1147 3383 mh.

124 3448 154 3510 1.
180 3446 210 3510 5.
236 3446 267 3510 6.
290 3443 378 3508 Plut.
402 3442 500 3507 Alex.
527 3443 555 3505 7.
580 3440 659 3506 Ath.
685 3443 716 3508 4.
743 3441 805 3505 184
828 3441 859 3506 b.
876 3440 983 3506 Strab.
1003 3443 1030 3504 1.
1051 3443 1078 3504 1.
1096 3442 1149 3507 22.

122 3567 174 3632 Do
198 3564 301 3630 forma
324 3563 363 3628 of.
388 3562 429 3628 ad
452 3583 522 3627 voc.
546 3560 707 3641 ἀγάμΦιος,
732 3561 772 3625 uf.
796 3561 895 3625 etium
917 3557 1127 3639 ἄσπλαγχνος.

168 3685 407 3756 ἀκωδώνιστος
435 3705 520 3766 „non
544 3681 753 3770 exploratus”
776 3681 896 3767 legitur
918 3702 968 3768 ap.
983 3680 1150 3767 Aristoph.

123 3805 198 3893 Lys.
223 3807 306 3871 485:
330 3804 521 3870 ἀκωδώνιστον
544 3805 595 3867 ἐάν
619 3805 749 3883 πρᾶγμα
772 3802 921 3880 μεθέντας.
945 3801 1149 3880 80501.ἀβω-

124 3925 272 3996 σάνιστος·
304 3932 449 4000 μετῆκτοιι
481 3922 510 3988 δὲ
542 3922 601 3987 ἀπὸ
631 3929 686 3988 τῶν
718 3921 943 4003 περιπολοάντων
972 3922 1021 3987 καὶ
1044 3922 1150 3989 κώδωσι

127 4045 353 4127 δικπειρωμένων
375 4046 399 4110 εἷ
422 4044 595 4124 ε’γρνργάροοσι
611 4045 635 4109 οἱ
651 4045 698 4108 ἐπὶ
714 4051 781 4115 ταῖς
797 4048 949 4124 Φνλκκωῖς
965 4042 1150 4118 τεταγμένοι.

127 4169 271 4234 Verbum
293 4165 470 4247 κωδωνίζειν,
495 4165 581 4252 quod
605 4165 703 4230 etiam
726 4170 777 4230 est
803 4164 993 4251 „explorare
1013 4185 1071 4250 per
1088 4164 1150 4228 rin-

127 4287 230 4353 nibum
260 4308 354 4372 vasa,
386 4307 465 4350 num
495 4285 577 4351 forte
608 4286 704 4351 rimas
735 4284 899 4371 egeriut”‚
923 4285 962 4350 cf.
987 4285 1071 4351 Rau.
1097 4287 1148 4351 79.
