2836 4934
257 282 277 343 8
650 278 904 354 Λέμασιο-λογεῖν.

253 525 400 604 νῖνῖδρυτος
430 523 596 588 invenitur
627 521 713 609 apud
745 521 820 586 Eur.
852 519 923 607 Iph.
956 520 993 583 Τ.
1025 520 1108 600 911,
1136 518 1230 583 Dem.
1255 541 1286 605 p.

256 651 336 732 186,
362 647 461 730 alios,
484 644 614 725 αῖδρυτον
637 647 747 708 autem
771 641 858 729 apud
882 640 1052 705 Cratinum
1070 636 1123 727 (fr.
1142 641 1221 723 209)
1238 643 1288 703 est

254 767 429 850 κατάρατον,
453 763 467 830 ὃ
490 768 540 830 οὐκ
565 765 602 829 ἴον
622 789 666 835 τις
690 764 770 842 αὐτῷ
795 760 938 843 ἱδρύσαντο
956 760 1202 848 (Etym.m.42.
1219 760 1287 848 10),

255 889 311 954 1111
342 892 515 974 usurpatur
545 886 676 965 cithaeron
708 885 795 950 κακδν
824 884 865 950 (la
890 883 1007 968 exilio,
1033 882 1119 970 quod
1144 883 1214 947 aliis
1238 888 1288 947 est

255 1010 375 1074 malum
405 1006 619 1073 intolerabile.
653 1008 759 1072 Locus
791 1011 858 1071 eat:
893 1006 1013 1087 ,οἰκοῦσι
1037 1004 1220 1088 φεύγοντες,
1242 1003 1287 1068 at-

255 1131 350 1209 δρυτον
380 1129 468 1194 κακὸν
499 1125 630 1201 ἅλλοις”.
664 1128 714 1192 De
746 1126 848 1191 forma
879 1125 917 1190 cf.
941 1124 983 1189 ad
1011 1145 1080 1191 voc.
1105 1123 1288 1205 ἀψήφιστος.

256 1250 433 1316 Praeterea
456 1249 493 1314 of.
519 1248 621 1337 prael.
646 1250 663 1332 ξ
690 1249 727 1312 11
747 1271 776 1311 α.

301 1372 595 1448 αῖμασιο·λογεῖν
615 1369 776 1450 „minutos
794 1368 901 1432 silicea
917 1367 1069 1452 colligere
1088 1366 1129 1430 ad
1143 1367 1291 1443 αῖμασνυίν

256 1493 529 1559 construendam’
560 1493 681 1578 legitur
714 1491 801 1578 apud
834 1491 1082 1577 Theopompum
1104 1489 1139 1552 in
1162 1490 1200 1553 fr.
1228 1491 1289 1572 733

256 1615 386 1693 αἱμασιοέ
421 1619 531 1680 autern
566 1620 615 1679 est
649 1614 681 1680 τὸ
715 1617 747 1679 έα
780 1614 913 1696 χαλίκων
946 1613 1156 1696 ᾠκοδομημένον
1189 1619 1289 1694 τεῖχος

257 1735 326 1802 ἄνευ
348 1743 442 1812 πηλοῦ
465 1737 571 1822 (Suid.
595 1736 702 1822 Etym.
727 1757 769 1803 m.
796 1738 922 1821 3610)
945 1736 978 1800 τὸ
1003 1736 1190 1816 αὐτοσχέδιον
1214 1759 1292 1814 περι-

258 1860 404 1941 τείχισμα
433 1859 466 1924 τὸ
490 1860 519 1922 ἐν
550 1865 609 1929 τοῖς
642 1859 742 1938 ἀγροῖς
773 1857 921 1935 γινόμενον
948 1856 1047 1933 ἔξωθεν
1071 1863 1126 1920 τῶν
1149 1856 1292 1933 ἀμπέλων

259 1985 326 2062 πρὸς
353 1981 386 2045 cl
408 1980 518 2063 μηδένα
541 1984 596 2044 τῶν
620 1981 648 2042 έν
671 1979 722 2059 1δῷ
745 1976 902 2058 παριέντων
925 1978 1021 2061 ῥαδίως
1046 1976 1170 2043 εἰσιόντα
1193 1977 1290 2055 έπωρέ·

260 2102 357 2184 ζεσῖαν
382 2102 479 2190 (Lex.
500 2099 610 2190 rhet).
627 2101 833 2167 Vocabulum
850 2101 937 2189 apud
953 2102 1135 2167 Homerum
1151 2101 1291 2187 primum

262 2223 417 2307 occurrit,
449 2222 570 2308 legitur
601 2221 687 2286 enim
719 2221 864 2298 αἱμασιὰς
895 2220 993 2298 λέγειν
1023 2221 1121 2288 Hom.
1154 2219 1214 2285 Od.
1240 2220 1291 2284 24.

263 2347 328 2410 224
358 2349 392 2410 01
424 2345 475 2408 18.
510 2345 592 2427 359;
617 2347 787 2429 praeterea
809 2343 974 2408 invonitur
998 2341 1076 2406 Her.
1102 2344 1129 2405 1.
1157 2342 1237 2424 180;
1263 2343 1291 2405 6.

265 2467 339 2533 134.
363 2466 465 2530 Thuc.
490 2465 521 2532 4.
546 2466 598 2529 43.
621 2463 715 2528 Dem.
741 2466 793 2529 55.
821 2467 869 2528 11.
887 2464 940 2529 Ad
956 2463 1109 2530 formam:
1127 2465 1293 2539 ἀνθολογεῖν

262 2587 343 2652 Luc.
374 2585 415 2650 V.
443 2585 485 2650 Η.
510 2587 540 2652 2.
568 2586 617 2648 14.
640 2584 834 2662 δασμολογεῖν
857 2585 951 2650 Dem.
978 2586 1030 2649 59.
1056 2586 1110 2651 31.
1134 2585 1293 2661 λιθολογεῖν

262 2704 346 2770 Ρο11.
379 2706 408 2769 7.
443 2705 515 2768 118.
545 2701 707 2780 ξενολογεῖν
737 2704 837 2770 Isocr.
871 2707 901 2770 5.
935 2707 995 2788 96,
1030 2704 1156 2772 similia.
1188 2706 1294 2771 Voca-

263 2824 376 2888 bulum
406 2823 549 2910 pertinet
580 2823 621 2887 ad
652 2825 831 2911 composita
863 2825 1043 2907 obieetiva,
1071 2824 1108 2889 cl.
1135 2824 1175 2890 ad
1199 2825 1294 2904 αγριο·

264 2945 352 3017 ποιός.
375 2944 552 3010 Praeterea
575 2944 609 3009 cf
639 2945 773 3032 praefat.
797 2948 815 3030 §
839 2949 870 3010 8.

309 3064 561 3141 αἱματοπώτης
589 3065 859 3153 „sanguinipota”
885 3088 936 3153 ap.
960 3065 1018 3134 Ar.
1043 3066 1102 3153 Elq.
1130 3070 1202 3134 198.
1228 3069 1295 3134 208

265 3191 315 3252 eat
339 3186 508 3273 epitheton
531 3186 679 3268 δράκοντος
704 3184 919 3275 (αῖματοποτεῖ
939 3189 998 3268 γαρ
1021 3190 1054 3254 τὸ
1077 3187 1144 3270 ζῷον
1169 3187 1294 3276 801101.)

266 3327 296 3370 v.
314 3307 378 3370 208
402 3305 501 3371 etiam
524 3309 689 3392 ἀλλᾶντος,
715 3308 791 3394 quia
813 3309 879 3381 τοὺς
898 3310 1052 3381 οέλλοῖντας
1072 3311 1153 3386 μετα
1170 3305 1296 3387 αἵματος

267 3423 332 3513 (καὶ
363 3435 490 3503 πιμελῆς
521 3427 569 3492 καὶ
600 3428 736 3508 αλφέτιον
770 3426 931 3517 φυρῶντες)
965 3434 1118 3509 πληροῦσιν
1150 3426 1296 3517 (schol).

267 3545 331 3612 sic.
363 3545 433 3610 cod.
464 3546 506 3611 R.
538 3546 642 3622 -πέπης
675 3548 717 3615 V.
744 3547 838 3623 Quod
862 3548 902 3612 ad
927 3549 1061 3614 formam
1086 3551 1297 3627 αἱματοπώτης

267 3690 325 3756 pro
356 3669 558 3747 αῖματοπέτης
589 3672 708 3737 attinet
740 3671 779 3737 cf.
812 3672 936 3737 Herod.
968 3672 994 3739 Ι.
1030 3674 1109 3757 111,
1135 3674 1191 3738 ubi
1215 3674 1298 3738 anti·

267 3792 414 3880 quissimi
448 3792 540 3858 codd.
576 3794 736 3860 exhibent
771 3795 972 3874 ὑδροποτέουσι
1002 3817 1060 3882 pro
1093 3795 1298 3877 ὑδροποτέουσι.

269 3913 409 3980 Omnino
444 3915 632 3980 consulatur
666 3916 780 3983 Cobet.
816 3917 936 3983 Mrem.
970 3916 1030 3981 XI.
1063 3938 1093 3981 n.
1126 3939 1150 3981 s.
1182 3941 1213 4005 p.
1244 3920 1298 3986 82.

269 4036 418 4110 οἷνοπώτης
451 4036 544 4101 affert
575 4038 672 4102 schol.
704 4038 744 4103 ad
776 4038 1000 4126 Lycophronis
1024 4061 1053 4105 v.
1081 4041 1153 4103 196.
1186 4039 1299 4104 Genus

270 4157 399 4222 dicendi
437 4158 564 4245 epicum
597 4159 743 4225 imitatur
776 4165 892 4247 poeta,
928 4159 962 4223 in
999 4159 1135 4225 oraculis
1172 4182 1300 4248 semper

270 4282 471 4366 usurpatum.
495 4278 533 4343 of.
556 4280 654 4365 praef.
677 4282 695 4364 §
711 4284 741 4346 8.
766 4281 942 4346 Praeterea
957 4281 997 4345 cf.
1014 4281 1168 4357 αῖματῖτις
1184 4281 1300 4367 (χορδή)
