2836 4934
215 64 278 128 184
645 66 804 130 Κλαυσιάν.

215 309 436 392 άμτελουρράς)
469 341 509 365 -·
542 308 693 384 κλάδευσις
723 314 758 378 01
785 311 967 396 ,κλαδευτήρ,
1001 315 1191 395 κλαστήρων·
1216 316 1250 381 τὸ

214 431 351 514 δρέπανον
373 426 394 514 ᾦ
418 430 586 499 κλαδεάιυσι
609 434 747 519 (sohel.)
771 463 812 492 =
835 434 1035 516 κλαδευτήριον
1061 436 1246 525 (Hesyoh.).

215 592 258 603 -
281 552 367 620 Vide
389 553 525 642 praelat.
550 556 568 638 ξ
591 557 621 619 2.
647 579 677 618 α.
700 558 728 621 l.
771 619 774 626 ,

259 679 433 741 κλαυσιάν
469 674 510 741 de
542 675 680 762 strepitu
711 676 830 741 ianuae
861 682 1038 764 usurpatur
1069 677 1127 746 Ar.
1161 679 1249 746 Plut.

220 799 321 865 1099:
358 797 443 863 άλλά
473 796 548 872 δήτα
579 797 612 863 τὸ
645 795 731 878 θύριον
761 798 964 881 Φήσννάμενον
987 795 1087 870 άλλως
1110 807 1249 884 κλαυσιᾷ.

218 917 352 986 Suidas:
388 921 550 984 κλαυσιᾶν·
586 919 686 999 nuptus
720 918 753 984 τὸ
788 922 871 1000 ήχεΐν
907 920 1054 997 αὐτοματὶ
1088 919 1122 986 τὸ
1153 921 1250 1002 θύριον.
1307 981 1311 993 ,

213 1039 339 1106 nouem
370 1061 467 1104 sensu
501 1038 602 1121 τρ1ζειν
626 1038 667 1105 de
691 1039 830 1127 strepitu
853 1039 971 1106 ianuae
996 1062 1047 1129 ap.
1071 1041 1184 1108 Nilum
1208 1041 1249 1110 de

215 1165 288 1227 ooto
312 1160 400 1226 vitiis
424 1182 451 1227 0.
477 1162 507 1225 6.
554 1160 602 1226 01.
627 1159 742 1241 ἔβραχε
767 1161 860 1243 (καλά
883 1160 1017 1247 θύρετρα)
1040 1160 1101 1227 od.
1126 1169 1164 1245 φ.
1188 1164 1249 1246 49,

215 1287 324 1363 ψοφεῖν
346 1279 423 1345 Itur.
449 1280 546 1346 Hero.
574 1282 624 1345 78.
651 1280 726 1368 Lys.
750 1281 858 1366 1.14;
886 1283 1031 1346 κλαυσιάν
1054 1281 1142 1370 apud
1165 1282 1250 1348 Poll.

217 1404 248 1468 2.
273 1402 315 1465 64
339 1405 389 1465 001
412 1399 445 1465 τὸ
468 1405 597 1466 κλαῦσαι
621 1400 721 1484 ήέλειν,
746 1401 769 1464 1.
794 1422 825 1488 q.
849 1400 1005 1467 κλαυσεήω.

262 1522 520 1601 κλαυσ1μοιχος
559 1520 617 1586 Ar.
656 1521 734 1588 Pae.
777 1522 878 1587 1293:
921 1519 1018 1602 άνδρὸο
1057 1520 1253 1604 βουλομάχου

218 1641 267 1706 καὶ
293 1640 505 1722 κλαυσιμάχου
536 1640 608 1713 τινὸς
633 1641 690 1713 υἷάς
715 1640 759 1705 Η.
785 1640 972 1728 Stephanus
995 1641 1252 1729 interpretatur:

222 1764 393 1846 „fleturus,
423 1763 500 1850 quia
522 1783 602 1850 paee
627 1763 780 1828 restituta
801 1763 866 1829 iam
889 1764 1083 1851 belligerare
1105 1786 1173 1831 non
1197 1787 1255 1853 po·

219 1884 337 1968 terit'';
373 1882 514 1971 Blaydes
552 1904 610 1971 pro
647 1884 844 1961 κλαυσόμενοι
879 1885 1024 1972 positum
1057 1885 1255 1951 vocabulum

220 2003 316 2080 dioit,
334 2025 434 2091 quare
452 2002 551 2069 etiam
567 2003 763 2082 κλαυσομένου
780 2004 944 2093 proponit.
969 2004 1017 2071 01.
1034 2005 1257 2081 nosocomos

221 2149 272 2216 ap.
297 2125 454 2214 sequiorss‚
478 2125 682 2202 κλαυσίγελως
705 2125 792 2190 Xen.
818 2125 953 2191 Ηο11.7.
980 2129 1009 2190 2.
1036 2127 1066 2190 9.
1092 2125 1142 2191 Do
1167 2147 1258 2191 oom-

221 2249 383 2336 positione
407 2268 430 2313 s.
442 2269 471 2312 τ.
495 2245 748 2328 βορβοροτάραξιι.
773 2247 898 2313 Vooab.
915 2250 966 2313 est
982 2246 1104 2313 oomioe
1121 2246 1257 2331 fiotum,

222 2391 296 2437 oum
326 2367 483 2435 allusione
511 2367 675 2435 etiamad
699 2390 819 2435 nomen
843 2369 1017 2447 Lamoohi,
1042 2369 1126 2434 siout
1151 2369 1253 2435 etiam

223 2511 292 2559 voo.
315 2487 524 2575 βουλόμαχος,
549 2488 636 2576 quod
660 2489 744 2557 vide.

268 2615 535 2687 assertatores
571 2613 787 2701 superlativus
822 2613 943 2679 oomiae
975 2613 1071 2680 flotus
1104 2614 1259 2682 vocabuli

224 2736 354 2812 κλὲττής
375 2735 496 2822 legitur
519 2735 576 2801 Ar.
602 2736 690 2801 Plut.
712 2738 771 2801 27:
799 2733 994 2818 „mauman
1010 2733 1143 2813 ήγοῖιμαή
1155 2761 1189 2801 σε
1206 2738 1258 2803 καὶ

225 2855 474 2923 κο.εττι’στοιτον”.
517 2855 685 2922 Oomioum
722 2857 785 2921 hoo
822 2855 981 2922 vocabulo
1018 2856 1140 2922 imitati
1180 2864 1261 2923 sunt

226 2979 362 3046 Asistot.
387 2978 558 3066 physiogn.
576 2980 606 3043 2.
629 2980 677 3062 15,
703 2978 848 3066 Aloiphr.
865 2978 927 3043 ΠΙ.
946 2980 989 3044 20
1012 2985 1047 3044 01
1071 2979 1261 3046 801111101-

226 3101 316 3190 pirio.
339 3099 448 3188 pyrrh.
474 3101 504 3168 3.
529 3101 604 3164 215.
629 3098 714 3165 Vide
737 3098 873 3187 praefat.
890 3101 908 3183 ξ
927 3100 977 3168 12.
1001 3100 1050 3167 01.
1068 3100 1260 3189 τοτάσσοιτος,

226 3222 503 3305 τλεονεκτίστατοο,
526 3220 771 3304 άψοφανίστατος
795 3221 922 3285 similia.

272 3344 505 3428 κληρωτήριον
546 3364 664 3428 „urna,
702 3345 736 3409 in
776 3365 841 3431 qua
879 3344 1100 3409 sortiebantur
1133 3343 1262 3411 iudices

227 3472 263 3536 in
297 3491 361 3557 quo
395 3467 464 3533 foro
498 3462 697 3531 iudicarent’
733 3463 881 3552 (Blayd.)
919 3464 1040 3550 legitur
1074 3464 1132 3530 Ar.
1167 3464 1260 3531 Eool.

230 3592 312 3657 681:
336 3589 377 3654 τά
399 3588 428 3653 δὲ
451 3587 627 3667 κληρωτήρια
651 3592 703 3650 τοῑ
722 3585 856 3668 τρέψειι;
879 3583 1004 3649 Polluo.
1033 3586 1081 3650 10.
1100 3587 1161 3649 61:
1185 3599 1263 3662 κλή-

228 3712 371 3795 ρυτήριονι
404 3711 428 3776 εἰ
457 3709 517 3790 γάρ
546 3708 595 3773 καὶ
619 3707 666 3773 ἔτ)
689 3711 739 3772 τοῦ
763 3706 851 3772 τόσου
874 3705 960 3772 ἔοικεν
983 3707 1106 3787 εἷρήσήαι
1131 3705 1262 3784 τοῦνομα

231 3837 259 3901 ἓν
289 3835 329 3910 τῶ
358 3833 435 3914 Γήρρι
457 3829 731 3914 Ἀριστοφάνους
756 3829 883 3915 (fragm.
910 3829 1004 3912 146),
1028 3829 1112 3893 άλλά
1134 3828 1185 3892 καὶ
1211 3828 1261 3894 ἐστὶ

230 3959 280 4020 τοῦ
311 3951 435 4031 άννάου
467 3949 502 4015 άν
533 3947 700 4029 άρμάσειενι
724 3950 772 4016 ibi
793 3950 893 4036 igitur
916 3947 1110 4034 significatio
1133 3948 1262 4015 incerta

233 4079 294 4143 est.
317 4069 541 4139 conferendus
565 4076 615 4137 est
637 4070 736 4136 etiam
760 4070 975 4138 Schoemann.
1000 4068 1040 4136 de
1057 4070 1162 4136 sortit.
1178 4069 1262 4137 iudi·
