2836 4934
549 293 689 366 Βνίλανος.
1095 296 1134 358 61

106 534 258 612 βαλανεύς
280 535 401 622 legitur
424 536 522 601 etiam
550 559 601 624 ap.
626 536 681 602 Ar.
706 535 767 602 Av.
793 537 855 601 491
883 542 916 602 55
940 537 1026 604 Ρ155.
1051 538 1140 625 Rep.

111 660 139 725 1.
164 659 229 721 344
253 657 277 723 δ.

153 777 311 856 βάλανος
346 800 460 846 55555;
498 780 652 866 „coralli”
688 780 740 846 vel
775 780 879 846 simile
910 780 987 868 quid
1018 781 1141 867 legitur

105 901 193 988 apud
225 901 393 988 Aristoph.
426 901 460 966 in
490 902 567 988 Lye.
595 924 625 968 v.
650 903 734 986 410,
759 904 843 968 413:
868 902 953 966 ἐλθὼν
977 901 1067 984 ἐκείνῃ
1090 903 1141 976 τὴν

102 1020 237 1100 βάλανον
268 1021 429 1103 ἐνάρμοσον.
464 1022 523 1088 Est
546 1027 656 1088 autem
680 1021 853 1108 ambiguae
878 1021 1038 1106 notionis,
1063 1043 1137 1086 nam

103 1146 206 1210 etiam
237 1166 295 1231 pro
327 1143 446 1211 veretri
476 1144 595 1231 glande
623 1143 736 1210 haberi
767 1148 893 1232 potest,
926 1165 990 1231 qua
1020 1144 1141 1230 signifi·

103 1265 237 1331 catione
261 1264 424 1331 obscoena
448 1265 547 1330 etiam
571 1265 657 1352 apud
680 1265 760 1330 alios
776 1264 948 1353 scriptores
964 1266 1140 1331 invenitur.

103 1386 223 1451 Plures
255 1387 406 1452 notiones
436 1385 537 1452 habet
569 1385 763 1452 vocabulum
795 1386 881 1474 apud
909 1387 1140 1456 non-comicos.

13 1517 21 1533 ·
104 1506 258 1573 Pertinet
280 1528 349 1572 voc.
374 1507 415 1571 ad
438 1506 536 1594 prael.
560 1509 578 1592 ξ
603 1507 672 1586 aa.

149 1626 342 1721 βαλαναῡν
370 1626 482 1710 „obice
507 1628 641 1693 traiecto
659 1627 795 1694 obsero’'
811 1630 931 1716 legitur
951 1631 1036 1718 apud
1053 1631 1144 1697 Aris-

104 1747 289 1835 tophanem
321 1747 356 1811 in
390 1746 450 1815 Ar.
483 1770 514 1815 v.
544 1750 636 1815 1159.
661 1749 748 1815 Eccl.
773 1773 803 1816 v.
829 1754 911 1818 361:
935 1757 982 1817 νῦν
1005 1752 1059 1828 μὲν
1082 1754 1142 1834 γὰρ

101 1866 188 1943 οὗτος
219 1869 418 1950 βεβαλάνωκε
446 1872 498 1946 τὴν
521 1871 615 1954 θύραν,
640 1873 724 1955 370,
749 1877 783 1939 55
806 1873 918 1960 fragm.
944 1875 1018 1939 251.
1043 1875 1141 1959 (Poll.

108 1999 162 2061 10.
198 1994 267 2086 26).
299 1995 425 2064 Sobel:
456 1994 521 2061 αντὶ
553 2000 603 2060 τοῦ
627 1995 764 2060 averna.
801 1995 1052 2080 „Fragmentum
1077 1997 1139 2060 251

101 2121 176 2182 tam
208 2115 313 2181 simile
344 2121 394 2181 est
426 2115 511 2182 Eccl.
538 2117 621 2200 361,
646 2121 684 2181 55
706 2114 894 2180 Dindorfius
918 2115 1085 2181 Pollucem
1108 2116 1143 2180 in

99 2239 242 2306 nomine
265 2238 395 2304 fabulae
418 2238 576 2305 erravisse
596 2239 781 2324 existimet3
805 2240 912 2328 potuit
928 2245 1039 2305 tamen
1053 2238 1140 2305 idem

99 2381 224 2426 versus
247 2359 417 2446 utriusque
441 2359 570 2425 fabulae
595 2359 686 2426 essc’'
712 2359 863 2448 (Koch).
888 2364 1054 2442 Βαλαναῦν,
1071 2379 1141 2424 ver·

95 2479 188 2548 bum
223 2481 503 2548 denominativum
539 2479 702 2571 (βάλανος)
740 2482 907 2546 notionem
941 2480 1041 2547 habet
1072 2481 1141 2546 affi-

95 2604 218 2671 ciendi
250 2603 372 2691 aliquid
406 2603 514 2690 aliqua
537 2624 572 2669 re
597 2601 743 2691 (pessulo
767 2602 894 2667 afficere
917 2606 1044 2689 portam
1067 2601 1088 2666 i.
1113 2623 1141 2666 5.

98 2725 267 2792 claudere
301 2725 461 2813 pessulo),
496 2724 535 2791 cl.
569 2723 742 2808 ῥαφαννδνῦν
776 2722 862 2789 Nub.
891 2725 975 2790 1083
1000 2723 1141 2810 (proprie

93 2873 149 2902 ζ.-
177 2845 323 2933 raphano
346 2843 509 2935 afficere),
532 2847 644 2927 θνρνῦν,
661 2851 784 2926 πνλνῦν,
800 2849 931 2924 produit.
953 2844 1143 2924 8515555355-

87 2980 196 3041 λαννς
233 2965 351 3057 (obex)
387 2973 437 3034 est
460 2991 511 3056 ap.
536 2970 638 3036 Thuc.
664 2973 694 3036 2.
728 2973 758 3036 4.
788 2971 847 3038 Ar.
863 2971 962 3058 Vesp.
991 2971 1064 3035 200.
1093 2969 1141 3034 of.

84 3089 211 3174 prael.
238 3086 255 3176 ᾗ
279 3089 308 3154 3.
371 3167 374 3170 ¹

151 3210 364 3292 βαλλήναδε
395 3210 526 3278 adverb.
558 3213 680 3279 comice
712 3213 823 3277 fictum
857 3233 915 3300 pro
947 3211 1142 3297 Παλλνννίδε,

81 3351 185 3401 oum
201 3333 360 3399 allusione
376 3332 417 3399 ad
434 3331 524 3400 verb.
539 3331 666 3410 βάλλειν
683 3333 769 3398 etad
786 3352 906 3420 pagum
921 3332 1024 3397 Attici
1039 3333 1143 3397 tribus

81 3453 321 3522 Antiochidis
351 3453 511 3529 Παλλήνη,
544 3453 630 3519 inter
662 3453 810 3520 Athenas
841 3459 876 3518 55
906 3452 1141 3519 Marathonem.

79 3568 252 3664 Legitur
273 3573 360 3662 apud
384 3573 551 3662 Aristoph.
574 3575 608 3639 in
634 3574 715 3640 Aah.
739 3595 769 3640 v.
788 3574 869 3637 234:
893 3573 976 3638 αλλὰ
992 3573 1037 3637 δεῖ
1048 3572 1143 3654 ζητεῖν

82 3699 161 3763 τὸν
191 3696 282 3778 ἄνδρα
311 3697 361 3763 καὶ
391 3694 514 3775 βλέπενν
544 3695 725 3772 Βαλλήναδε.
759 3694 807 3760 Of.
840 3695 975 3783 praefat.
1008 3696 1025 3779 ξ,
1054 3698 1073 3759 9
1110 3699 1145 3760 55

87 3832 203 3886 voco.
226 3815 339 3891 ἅλαδε,
363 3813 494 3901 φύγαδε.

163 3936 320 4019 diaspra
346 3933 518 4019 „tinotrix”
541 3935 662 4021 legitur
685 3933 771 4023 apud
795 3935 937 4023 Eupolin
960 3936 994 3999 in
1010 3934 1047 4000 fr.
1066 3938 1142 4000 401.

102 4053 261 4126 Verbum
282 4058 394 4138 βαννω
418 4057 540 4147 (tingo)
564 4065 688 4145 55555.
713 4057 792 4123 Her.
818 4058 847 4122 l.
874 4060 925 4122 67.
951 4057 1036 4122 Plat.
1060 4058 1144 4145 Rep.

116 4177 160 4240 4.
187 4182 245 4247 420
264 4180 295 4248 d.
328 4180 385 4247 Ar.
411 4181 493 4248 Aah.
519 4182 601 4265 112,
626 4180 717 4264 alios,
742 4180 806 4246 adi.
830 4178 948 4257 βαννός
973 4179 1030 4244 Ar.
1055 4179 1143 4243 Plut.

129 4298 197 4371 530.
219 4307 306 4376 Plut.
331 4309 429 4395 Ager.
447 4308 498 4374 30.
516 4305 596 4372 Atb.
615 4308 643 4371 ἵ.
663 4307 727 4369 290
744 4326 770 4370 5.
788 4303 991 4371 Vocabulum
1007 4304 1144 4385 βνέννρνα
