2836 4934
516 272 773 320 Pnanrnrlo.
1088 269 1163 316 xvn

175 499 192 582 ς
217 496 248 565 4.
296 499 455 574 Quartum
470 519 574 585 genus
590 504 764 566 esteorum
777 499 1030 584 venabulorum,
1044 498 1162 586 quibus

129 619 224 685 iuxta
255 620 423 686 notionem
454 621 621 708 vulgarem
652 641 790 687 sensus
823 621 1045 687 obscoenus
1068 641 1088 685 a
1111 639 1163 684 oo·

130 742 222 808 miois
252 742 383 810 additus
407 750 472 812 est:
497 745 624 831 ύιλοπος,
648 746 789 832 ιίμνρνίς,
814 744 969 831 βοίλανος,
993 744 1162 826 διέρχομαι,

129 864 312 952 ἐπαίρεσθαι,
336 863 464 947 λακτίζει
472 848 485 952 ,ί
506 866 693 951 περαντικός,
716 865 871 952 κνπτνίζοι,
896 871 997 945 σῦκον,
1014 864 1160 951 ονκοίζειν,

129 991 307 1065 ονκολογεῖν,
316 985 495 1066 τριέμβολος,
504 985 910 1073 βλνχοί,βλνρχοινίας,ρίοδον,
921 986 1043 1074 ῥοδανιοί,
1058 987 1162 1074 πεδίον,

130 1104 245 1193 μύρτον,
267 1106 437 1193 διαβαίνειν,
454 1099 624 1192 Ιε’κκορίζειν,
646 1109 756 1192 ζωμός,
780 1110 892 1197 δρίοος,
917 1111 1052 1196 ίππικύς,
1077 1107 1163 1183 ίππνς

130 1227 247 1308 λενκύς,
263 1229 373 1314 ’κε’λνς,
389 1230 557 1318 κελητίζειν,
580 1231 830 1315 παρακελντίζειν,
845 1237 967 1313 κροῦρια,
987 1233 1162 1316 κρονοτικύς,

132 1351 302 1436 ὑποκρούειν,
337 1352 504 1435 προκρούειν,
538 1353 605 1434 ίπνί,
640 1354 831 1434 ύποπιττούν,
867 1353 1017 1441 ύπτοίνιον,
1058 1353 1165 1434 παίειν,

131 1473 335 1553 σπατοίνρνρς,
368 1473 490 1554 οαονίον,
522 1473 667 1555 τρύβλιον,
700 1474 836 1558 ὀρύττειν,
865 1473 1027 1560 διορύττειν,
1054 1472 1162 1551 δέλτα,

131 1595 286 1682 ε’ρέβινίος,
309 1595 420 1677 κέρκος,
444 1597 538 1682 κριίνί,
562 1594 695 1677 σχοινίον,
719 1597 791 1662 alia.

176 1721 247 1804 55.
295 1719 418 1794 Quinta
452 1718 563 1784 elassis
598 1718 780 1786 continebit
815 1740 855 1785 ea
889 1719 1049 1784 voeabula
1081 1739 1165 1806 qnae

132 1841 247 1906 oomioi
271 1845 524 1929 composuerunt
543 1841 842 1928 praepositione
866 1840 997 1929 aliqua
1020 1839 1164 1908 addita.

133 1962 310 2030 Brevitatis
345 1983 442 2029 eausa
476 1962 635 2049 simplicia
669 1963 768 2028 etiam
800 1962 868 2028 dixi
898 1962 955 2027 illa
985 1960 1162 2046 voeabula,

134 2083 252 2171 quibus
282 2083 347 2148 iam
380 2104 452 2148 oum
484 2103 550 2148 nna
572 2084 813 2170 praepositione
837 2083 1025 2172 compositis
1049 2082 1163 2148 oomiei

133 2205 269 2271 alteram
304 2204 519 2291 addiderunt,
554 2205 632 2292 quia
664 2205 746 2270 haeo
782 2206 941 2272 voeabula
972 2206 1037 2270 illis
1070 2205 1163 2294 quasi

133 2326 293 2414 simplicia
317 2331 427 2410 erant3
452 2346 518 2390 non
542 2326 629 2392 enim
650 2325 776 2392 duabus
791 2326 1089 2414 praepositionibus
1104 2324 1164 2390 has

132 2467 230 2514 voees
260 2446 321 2534 ipsi
353 2453 517 2513 auxerunt
541 2486 584 2497 --
607 2446 695 2535 qnod
719 2452 796 2513 sunt
819 2447 875 2535 qui
898 2447 1017 2512 iniuria
1040 2451 1163 2511 statne-

132 2569 198 2633 rint
235 2607 295 2653 —,
330 2568 388 2634 sed
422 2568 582 2634 voeabula
613 2590 679 2635 nna
709 2569 951 2657 praepositione
983 2567 1164 2656 composita

132 2689 167 2753 in
189 2687 308 2754 litteris
329 2688 395 2755 iam
419 2689 595 2775 extabant,
619 2690 808 2778 priusquam
832 2691 967 2756 alteram
990 2691 1025 2755 hi
1044 2694 1163 2778 poetae

133 2809 340 2877 addiderunt.
387 2810 459 2876 Hae
491 2803 602 2877 antem
634 2811 760 2877 ratione
791 2832 857 2877 non
889 2811 1045 2877 contundi
1077 2812 1164 2901 qnod

133 2933 231 3019 vulgo
256 2932 375 2998 dieitur
397 2933 533 2998 verbum
558 2933 697 3020 simplex
721 2955 795 2998 oum
817 2934 875 3021 iis,
900 2954 983 3022 qnae
1008 2955 1069 3020 ogo
1091 2935 1165 2998 sim-

133 3052 233 3142 plicia
275 3053 458 3140 nominavi,
502 3054 563 3118 sub
603 3054 739 3140 singulis
779 3056 945 3122 vocabulis
984 3056 1163 3145 apparebit.

133 3176 322 3263 Composita
344 3180 422 3240 sunt
445 3196 518 3240 oum
541 3177 800 3266 praepositione:

178 3299 291 3379 νίμΦίι
316 3297 567 3380 αμφιτιττιιβίζω.

178 3421 261 3486 doct:
289 3421 443 3500 ύναγεύοι,
467 3420 632 3506 ιίναδιφύιν,
656 3421 885 3504 ύναφύείρομαι,
909 3421 1068 3510 ύνιίοιριος,
1092 3425 1166 3489 ιίνα·

133 3540 286 3624 τορβνίζοι,
326 3541 507 3625 οὶναφοβείν,
546 3539 738 3622 ύναβροιίζον,
777 3543 921 3619 ανακνοῖν,
958 3542 1163 3629 οὶννδρεύομαι,

134 3665 272 3751 ιίνέρρειν,
295 3663 476 3746 οὶναζνγούν,
500 3663 689 3731 ιίνακνοίπτιι.

179 3784 273 3850 νίντίι
295 3782 569 3871 οὶνταποπέρδοροαι,
593 3785 796 3866 νίντινδίδωρκι,
819 3786 1038 3871 αντιμανύοίνοι,
1056 3789 1165 3866 ἀντεμ-

135 3907 278 3986 πύρννμι.

179 4027 266 4095 ύπύτ
288 4027 493 4113 ύπνλιοίοτκς,
517 4027 706 4111 αποβαδίζω,
729 4029 917 4116 οίπερούριῖιν,
942 4028 1138 4095 αποκαύεύδιι.

179 4150 255 4218 διοίι
281 4151 400 4236 διέλκω,
422 4150 641 4237 διαμινύροριαι,
666 4151 836 4237 διαοφνκύ,
861 4150 1078 4237 διαμολλαίνιο,
1105 4151 1166 4216 δια-

136 4274 258 4358 potero,
294 4271 518 4358 διασοφίζορκαι,
553 4271 793 4355 διακορκορορεῖν,
824 4272 990 4360 διαλακεῖν,
1023 4272 1166 4349 διαναλιρ-
