2836 4934
592 331 822 411 Τραπέροπαλιν.
1159 330 1220 395 321
1333 350 1337 359 ·

236 575 496 657 τραπέμπαλιν
524 577 656 646 adverb.
683 609 724 633 =
752 577 966 659 ,,ὑπεναντίως”
991 578 1157 663 (Pholius)
1180 579 1226 643 le·

188 698 279 784 gitur
301 697 490 763 Pherecrat.
517 698 554 762 fr.
574 700 648 764 240.
673 699 898 787 Compositum
915 704 999 765 este
1016 699 1115 765 verbo
1132 697 1226 780 τρέπω

189 825 225 885 et
257 818 330 885 adv.
354 819 494 896 ἔμπαλιν.
535 819 583 886 Of.
608 820 757 885 οὶνοίπαλιν
781 820 867 887 Plat.
891 821 1027 887 Theaet.
1055 819 1168 904 laad,
1193 825 1227 885 et

189 941 304 1007 serior.
340 940 393 1006 Sic
426 939 512 1029 apud
545 941 649 1006 solum
681 942 854 1007 Platonem
880 939 934 1030 (fr.
958 941 1036 1029 130)
1061 941 1228 1006 invenitur

189 1062 383 1129 adverbium
422 1062 573 1139 στοίδηνι
613 1061 706 1141 ὥσπερ
741 1063 926 1140 ἀπόπληκτοι
962 1061 1071 1136 στοίδην
1104 1063 1228 1136 ἑστῶτες

190 1183 325 1266 ὠρύονται
351 1215 391 1239 =
417 1185 543 1250 immoti
567 1189 692 1251 stantes
717 1182 862 1273 (Livius)
875 1186 917 1270 (P)
934 1185 1043 1250 Aliam
1059 1185 1227 1250 notionem

189 1302 293 1368 habet
328 1324 380 1391 ap.
415 1303 485 1368 Nie.
523 1304 575 1369 Al.
613 1305 676 1368 327
709 1303 926 1389 (pecundum
958 1303 1125 1391 pondus'’).
1173 1304 1227 1370 Ad

190 1423 328 1488 formam
364 1424 404 1490 ol.
435 1423 589 1508 σποροίδην,
621 1423 800 1510 συλλήβδην,
833 1423 930 1510 ἄρδην,
962 1425 1035 1489 alia.
1070 1463 1109 1472 -
1144 1424 1228 1490 Vide

191 1543 329 1630 praelat.
354 1546 372 1628 5
390 1546 430 1608 10
446 1567 478 1622 ν.
1122 1546 1124 1550 ’

237 1664 590 1749 τριβολεκτράπελος
615 1665 689 1732 vide
714 1687 738 1730 s.
764 1688 794 1729 V.
819 1665 961 1747 τρίβολοο.

238 1786 403 1869 τρίβολος
436 1787 657 1875 metaphorice
694 1785 898 1869 ,ἕπίτριπτος”
922 1788 1044 1874 legitur
1067 1788 1123 1853 Ar.
1149 1789 1227 1875 Lyn.
1260 1833 1262 1838 ,

195 1909 275 1973 576:
300 1906 476 1990 ἐκραβδίζειν
499 1908 565 1980 τοὺς
581 1909 741 1989 μοχθηροὺς
757 1908 806 1972 καὶ
823 1910 888 1980 τοὺς
905 1908 1054 1989 τριβόλους
1070 1910 1225 1986 ἀπολέξαι.

195 2030 321 2096 sohel:
354 2030 508 2112 μοχθηρός.
544 2031 679 2118 Proprie
711 2036 760 2095 eet
791 2029 951 2102 ἀκανθῶδες
982 2031 1085 2118 φυτόν,
1119 2033 1227 2098 ovium

141 2195 153 2211 .
196 2153 369 2218 velleribus
386 2174 483 2239 saepe
500 2151 697 2227 adhaerens,
719 2151 897 2233 „tribulus”
914 2152 953 2217 ol.
972 2151 1095 2239 Evang.
1109 2154 1226 2222 Matth.

198 2278 226 2342 l.
254 2277 304 2341 16.
323 2284 370 2362 [—
396 2275 482 2340 Vide
505 2274 639 2362 praefat.
665 2277 682 2358 ξ
706 2276 726 2338 2
747 2300 767 2337 α
791 2277 819 2338 1.
856 2275 937 2339 Oum
961 2274 1022 2340 hoo
1046 2297 1115 2341 voe.
1141 2297 1228 2341 oom-

196 2395 335 2480 positum
370 2400 421 2460 est
451 2415 522 2460 voe.
554 2395 922 2481 rpsssoaeaspoimam,
954 2395 1040 2460 Nub.
1061 2397 1162 2460 1003:
1196 2399 1227 2462 οὐ

195 2517 375 2595 στωμύλλων
397 2517 478 2582 κατοδ
500 2518 552 2591 την
575 2519 685 2599 οὶνορόιν
709 2517 969 2601 τριβολεκτράπελ’
993 2514 1093 2600 οἷοίπερ
1117 2520 1141 2584 οἱ
1167 2527 1225 2603 νῦν,

196 2639 280 2726 quod
311 2640 433 2706 oomioe
464 2640 594 2726 fiotum,
620 2640 676 2707 sed
702 2641 808 2708 adhuc
833 2643 978 2717 nondum
1002 2644 1080 2709 salis
1104 2645 1226 2732 perspi-

196 2781 252 2826 oue
277 2760 477 2848 explicatum
501 2766 568 2846 est3
593 2761 770 2843 ἕκτροίπελος
794 2769 844 2829 est
871 2763 1062 2848 „insolens''‚
1087 2764 1127 2829 of.
1151 2765 1225 2830 Ael.

194 2881 232 2948 Η.
256 2881 299 2948 Α.
326 2883 376 2946 14.
402 2886 439 2961 9,
465 2884 746 2963 ἕκτραπελονοίστωρ
769 2884 954 2973 Epicharm.
978 2885 1016 2950 fr.
1034 2887 1093 2969 423
1110 2885 1225 2967 τριβολ-

194 3005 361 3084 εκτράπελα
385 3005 470 3091 (ἔπη)
494 3005 594 3093 igitur
619 3036 659 3061 =
688 3007 833 3092 „(verba)
852 3012 948 3072 acuta
963 3008 1013 3092 (ὡς
1029 3005 1175 3092 τρίβολος)
1191 3013 1225 3073 et

193 3123 441 3211 insolentia”(?)
474 3125 676 3193 scholiastae
709 3127 868 3194 derivatio
892 3149 921 3193 a.
945 3149 975 3194 ν.
1000 3126 1108 3208 τρίβειν
1132 3127 1225 3193 nihili

194 3253 257 3325 est,
290 3269 366 3313 nam
398 3247 544 3335 neglegit
577 3249 735 3335 syllabam
759 3265 810 3334 ολ;
835 3249 1115 3329 τριβολευτροίπελος
1139 3250 1223 3318 ooni.

194 3365 296 3456 Kooku.

231 3487 445 3566 τριβωνικῶς
481 3487 534 3569 „in
566 3487 699 3553 modum
731 3489 821 3576 pallii
852 3487 985 3555 ἀπῆλθ’
1016 3490 1137 3576 legitur
1164 3491 1221 3557 Ar.

193 3607 278 3696 Vesp
309 3610 413 3674 1132:
439 3608 516 3684 τηνδὶ
541 3610 569 3674 δὲ
592 3617 723 3690 χλαῖναν
746 3610 903 3690 ἀναβαλοῦ
920 3612 1100 3693 τριβωνικῶς.
1125 3613 1222 3700 Blay·

193 3726 245 3792 des
269 3729 304 3793 in
327 3728 390 3794 hoo
415 3751 483 3795 voe.
509 3731 701 3796 allusionem
726 3732 816 3798 videt
840 3733 881 3797 ad
906 3753 975 3798 voe.
1001 3732 1106 3812 τρίβων
1122 3733 1220 3817 (Nub.

194 3850 283 3934 869),
307 3851 354 3915 ita
378 3858 414 3914 nt
439 3852 480 3915 sil
507 3852 685 3939 „sollerter‚
709 3851 844 3941 perite''.
873 3853 988 3935 Τρίβων
1014 3859 1063 3918 est
1085 3854 1221 3941 pallium

194 3967 344 4037 detritum
367 3972 451 4039 Aah.
468 3974 539 4038 184.
559 3976 634 4038 343.
658 3974 759 4063 Vesp.
778 3977 873 4040 1131.
899 3975 975 4041 Plal
1002 3976 1091 4041 Prot.
1111 3977 1175 4040 335
1189 3975 1219 4040 d.

194 4089 287 4160 (lons.
314 4094 378 4159 219
395 4093 427 4158 b.
452 4094 546 4159 Dem.
572 4095 624 4159 54.
650 4097 692 4160 34
729 4134 771 4144 —-
795 4095 844 4161 ef.
870 4097 1004 4184 praefat.
1029 4095 1152 4179 ξΙΟβ.

232 4214 409 4293 τρίδουλος
444 4215 561 4296 „trium
596 4236 761 4282 servorum
793 4215 869 4304 par”
900 4224 950 4283 est
982 4215 1148 4303 Aristoph.
1181 4217 1218 4283 f.

195 4331 269 4398 576:
300 4333 402 4416 ζεῦγος
432 4335 584 4416 τρίδουλον.
620 4337 782 4424 Hesyoh.:
817 4337 863 4427 (v.
888 4339 989 4421 ζεῦγος
1013 4337 1217 4428 τριποὶρίενον)·

1088 4457 1117 4507 21
