2836 4934
197 296 260 358 130
601 293 822 375 Ἐπιθοουιιάζοι.

192 539 376 619 θιαρράγνυριι
404 540 445 605 ab
470 538 689 627 Aristophane
714 544 766 605 est
790 539 958 605 occasione
981 538 1145 606 invitante
1169 536 1227 604 6ο-

192 665 278 744 tum,
304 666 341 725 ut
364 661 563 749 exprimeret
585 661 618 724 rt
641 660 688 725 ε’πὶ
705 662 744 740 τῷ
761 662 882 726 ἕκπθνειν
897 661 1096 742 διαρραγῆναι.
1115 699 1156 710 -
1174 661 1223 726 Of.

191 781 293 868 praef.
317 783 335 864 5
362 781 428 857 Ιβ.

236 901 462 983 ἕπιθαυρκάζο
497 901 610 984 „donis
641 903 783 980 honoro,
816 903 997 990 praemium
1021 902 1081 968 <10³¹
1104 903 1227 991 legitur

191 1023 277 1111 apud
309 1024 477 1110 Aristoph.
501 1024 535 1088 in
559 1023 643 1089 Nub.
666 1047 697 1089 v.
725 1027 827 1103 1147:
851 1026 909 1106 χρὴ
935 1025 994 1106 γάρ
1019 1025 1227 1108 ἐπιθαυμάζειν

189 1170 218 1209 τι
250 1144 298 1208 τὸν
329 1143 511 1209 διδάσκαλον.
546 1143 652 1209 Sehol.
683 1145 748 1209 άντὶ
780 1152 831 1210 τοῦ
861 1146 953 1228 δώροις
976 1151 1077 1222 τιμάν.
1100 1145 1225 1213 Eadem

191 1266 324 1331 notione
356 1271 530 1352 usurpatur
553 1288 583 1331 v.
608 1273 698 1348 τιμάν
720 1289 770 1354 ap.
795 1267 881 1333 Xen.
906 1269 987 1356 Rep¹
1013 1268 1088 1335 Lao.
1116 1270 1167 1333 15.
1192 1273 1224 1336 4.

190 1388 274 1453 Plat.
299 1388 401 1473 Legg.
428 1389 478 1452 12.
504 1388 568 1452 933
582 1386 613 1455 d.
638 1388 800 1475 Theophr.
824 1389 917 1454 Ohar.
938 1392 987 1455 15.
1011 1389 1224 1471 Ἐπιθοιυριάζυ

190 1509 428 1599 significatione
452 1509 633 1575 admirandi
657 1511 823 1576 invenitur
839 1511 926 1600 apud
943 1512 1030 1577 Plut.
1047 1512 1147 1577 Mare.
1166 1515 1223 1597 303

147 1680 150 1684 .
190 1637 240 1697 est
271 1633 372 1719 igitur
402 1632 435 1697 in
468 1654 580 1699 eorum
604 1634 835 1700 vocabulorum
860 1656 1014 1720 numero,
1040 1635 1079 1700 de
1104 1636 1225 1721 quibus

191 1753 265 1818 vide
289 1754 424 1840 praefat.
448 1756 466 1838 §
490 1755 559 1832 ἳβ.

234 1865 513 1955 ἐπικοκκάστρια
545 1875 651 1941 Schol.
683 1875 843 1963 explieat:
878 1877 1010 1960 „sistris
1033 1880 1147 1954 γελᾶν,
1171 1901 1228 1955 γε·

188 1994 343 2076 λάστρια”.
375 1995 514 2062 Photius
548 2019 578 2084 p.
614 1998 688 2062 416.
727 2000 784 2062 16:
820 1997 1032 2077 περιεκόκκασα
1068 2028 1108 2052 =
1145 2022 1226 2078 περι-

189 2119 333 2197 εγέιιασα.
373 2118 435 2202 (Of.
471 2116 581 2204 Equit.
621 2119 709 2202 697).
749 2118 792 2182 Η.
833 2118 1019 2204 Stephanus
1058 2116 1223 2204 explieat:

193 2240 422 2324 „cavillatrix''.
458 2239 624 2326 Interpres
659 2239 775 2325 aliquis
809 2237 897 2326 apud
934 2238 1085 2306 Suidam:
1118 2241 1225 2305 ἐπικα-

188 2363 321 2444 χάστρια
355 2362 473 2449 explic.
510 2360 640 2428 secund.
676 2361 824 2426 Dindorf.
860 2361 998 2447 Legitur
1032 2382 1098 2426 vox
1133 2361 1223 2447 apud

188 2485 442 2573 Aristophanem
464 2484 499 2547 in
523 2483 654 2548 Thesm.
679 2504 710 2546 v.
738 2484 841 2548 1059:
865 2483 964 2562 Ἠχὼ,
989 2481 1225 2562 λθγυνάντιρδθς

188 2605 421 2686 ἐπικοκκάστρια.
460 2603 649 2685 „Vocabulo
684 2623 761 2667 usus
796 2606 846 2667 est
877 2606 975 2688 poeta
1005 2601 1146 2667 eomieus
1177 2600 1223 2666 ad

187 2726 376 2813 Euripidem
406 2724 625 2808 irridendum,
658 2725 731 2811 qui,
763 2728 801 2788 ut
830 2728 969 2788 annotat
995 2723 1224 2807 soh01.,ima·

188 2851 314 2936 ginem,
358 2868 441 2933 quae
481 2851 530 2911 est
567 2846 693 2930 iocosa,
733 2845 962 2911 κακοστὲνοικτον
999 2843 1226 2911 introduxit''.

187 2970 331 3055 (Enger).
363 2967 488 3033 Schol.:
513 2967 576 3033 ἐπεὶ
599 2967 746 3044 εἰσάγαγε
769 2965 1000 3032 κακοοτένακτον
1023 2967 1075 3041 τὴν
1097 2964 1185 3046 Ἠχὼ
1210 2967 1225 3031 θ

186 3090 339 3166 Εὐριπίδης
362 3091 390 3153 ε’ν
412 3098 449 3170 τῇ
472 3088 661 3174 Ἀνδρομέδα,
685 3090 725 3160 εἰς
741 3093 825 3154 τοῦτο
841 3087 947 3169 παίζει.
960 3125 1004 3136 -
1016 3087 1065 3153 (11.
1081 3087 1213 3175 praefat

187 3213 304 3296 ρον,
330 3215 364 3275 et
386 3212 404 3292 e
428 3211 469 3275 s..
1205 3186 1208 3191 ’

233 3331 458 3411 ε’πικροάοριαι
483 3329 596 3413 (med.)
620 3351 718 3396 sensu
733 3337 785 3396 τοῦ
804 3328 978 3414 ἲ,νουθετει”ν”
994 3330 1115 3416 legitur
1132 3328 1223 3415 apud

188 3452 442 3539 Aristophanem
465 3452 499 3515 in
522 3451 561 3515 fr.
586 3452 661 3515 448.
686 3451 767 3516 Poll.
792 3453 821 3515 9.
848 3452 927 3516 139:
952 3448 1164 3532 Ἀριστοφάνης
1180 3451 1224 3530 τῷ

188 3573 406 3654 ε’πικροάσοισθαι
432 3573 480 3637 ἐπὶ
503 3579 553 3638 τοῦ
577 3575 742 3649 νουθετῆσαι
764 3574 915 3654 κέχρηται.
947 3572 1104 3653 Ἐπικροάιο
1128 3573 1223 3658 (aet.)

188 3702 238 3762 est
272 3693 405 3778 „ferire”
437 3695 555 3760 Aesoh.
580 3697 645 3781 Ag.
673 3697 744 3760 196.
769 3696 826 3760 Ar.
851 3695 980 3760 Thesm.
1008 3695 1102 3759 1004.
1129 3693 1223 3759 Plut.

188 3817 302 3905 Pomp.
339 3819 400 3893 58,
436 3817 477 3882 al.
517 3816 657 3883 Verbum
692 3816 793 3902 igitur
826 3816 970 3903 pertinet
1004 3814 1046 3881 ad
1080 3818 1226 3882 tractata

189 3938 284 4024 praef
302 3943 324 4002 t.
350 3940 368 4022 ξ
392 3937 461 4013 26.

233 4057 442 4138 ἐπιξυνθίζο
476 4059 613 4140 „flavum
636 4056 760 4123 reddo’'
787 4057 909 4143 legitur
932 4055 1018 4143 apud
1043 4054 1226 4122 Pherecra-

189 4187 255 4247 tem
278 4183 312 4245 in
336 4180 373 4244 fr.
402 4181 480 4258 108,
506 4202 536 4244 v.
563 4181 617 4245 16:
645 4180 778 4261 „strepet
801 4177 952 4260 δελφάκει’
968 4175 1226 4254 ε’πεξανθισμένα”

187 4303 209 4369 i.
234 4324 261 4368 e.
289 4301 448 4388 „desuper
471 4305 573 4379 tosta,
597 4306 633 4365 ut
649 4302 770 4365 flavum
786 4300 927 4366 colorem
943 4321 1021 4388 prae
1037 4321 1072 4366 se
1082 4299 1224 4383 ‚ferant'’
