2836 4934
605 269 802 352 ’Λροζάλοοτος.
1179 274 1220 336 47

191 516 313 595 ἀρδολος
338 516 378 580 ab
402 516 491 584 Erot.
508 517 550 603 gl.
568 516 658 604 Hipp
683 516 800 604 explic.
816 515 920 597 ῥύπος,
936 515 1099 593 colorato.
1123 516 1221 581 Verb.

191 637 321 718 ἀρδολάο
345 638 521 726 Ηίρροο1.,
545 639 587 704 ab
612 638 762 704 Eustath.
791 640 886 703 1716.
905 641 947 704 20
965 639 1082 725 explic.
1099 638 1223 716 μολύνο.

191 757 267 822 Vox
287 756 461 824 cohaerere
477 758 607 824 videtur
624 779 697 823 cum
713 759 813 824 verbo
829 756 902 840 ἀρδο
922 758 1101 846 (Aeschyl,
1118 758 1223 843 Pind.,

191 876 331 963 Horou,
362 878 463 964 Plat,
495 878 722 967 Aristophan,
756 879 916 967 sequior).
950 879 999 944 01.
1023 879 1124 966 praef.
1148 880 1166 963 §
1191 881 1222 947 3.

235 997 466 1080 ἀρνζήλωτος
508 1000 669 1083 „maxime
708 999 943 1065 aemulandus”
978 999 1100 1086 legitur
1134 998 1221 1086 apud

190 1121 295 1186 solum
329 1121 496 1210 Aristoph.
529 1123 564 1187 in
596 1122 655 1210 loq.
687 1145 717 1188 v.
752 1125 853 1188 1329:
891 1121 1058 1204 ἀριζήλωτοι
1092 1119 1223 1189 ’Atrium

191 1243 296 1308 Poeta
325 1243 473 1309 imitatur
504 1243 701 1330 Pindarum,
734 1251 768 1311 ct
795 1246 923 1333 opicum
947 1267 1051 1333 genus
1075 1244 1224 1329 dicendi,

191 1365 231 1430 cf.
262 1364 392 1447 ἀρίζηλος
425 1365 539 1432 cadem
571 1367 676 1455 signif.
710 1368 796 1455 apud
827 1368 907 1434 Has.
937 1367 976 1433 Ο.
1011 1370 1050 1453 6,
1080 1368 1223 1454 „claruo,

191 1485 403 1574 splendidus”
435 1509 485 1576 ap.
510 1489 607 1554 Hom.
631 1489 670 1554 Il.
699 1489 748 1553 13.
774 1490 838 1554 244
863 1494 896 1555 ot
919 1488 1013 1555 Pind.
1038 1489 1090 1555 Ol.
1115 1491 1144 1554 2.
1171 1491 1223 1553 61.

191 1605 239 1674 01.
269 1608 395 1696 praefat
425 1611 495 1693 58.
528 1609 716 1676 Praefixum
745 1611 805 1691 ἀρν-
837 1611 936 1676 etiam
967 1610 1053 1675 ineat
1077 1610 1111 1674 in
1136 1630 1223 1674 voco.

189 1714 329 1816 dpryvtrl,
360 1731 534 1815 ἀρίγνωτος,
565 1730 752 1812 ἀριδείκετος,
783 1730 964 1812 ἀροδάκρνος,
993 1731 1136 1811 ἀριήκοος.
1165 1730 1226 1810 ἀρί-

190 1850 293 1928 δηλος,
330 1852 439 1918 omnia
471 1851 557 1942 apud
589 1853 761 1942 scriptores
792 1873 858 1917 non
890 1852 1039 1922 comicos.
1077 1850 1225 1939 Simplex

190 1972 317 2054 ζηλωτός
348 1975 470 2061 legitur
500 1997 550 2062 ap.
582 1973 678 2040 Pind.
703 1974 751 2041 01.
778 1976 808 2041 7.
833 1977 863 2039 6.
887 1973 1006 2039 Aeooh.
1032 1973 1122 2038 Pers.
1149 1975 1223 2039 710.

190 2095 291 2160 Iaocr.
326 2097 354 2159 6.
386 2098 437 2161 95.
468 2096 525 2161 Ar.
557 2096 646 2164 Nub.
678 2098 751 2162 462.
781 2096 865 2161 Plat.
897 2096 996 2183 Gorg.
1022 2097 1087 2160 473
1112 2116 1137 2159 c.
1161 2099 1223 2192 otc.

190 2217 399 2284 Vocabulum
429 2218 601 2299 ἀροζήλοτος
629 2219 773 2305 pertinet
796 2215 837 2282 ad
861 2239 916 2293 ea,
943 2237 1027 2305 quae
1052 2222 1123 2281 orta
1146 2221 1223 2279 sunt

191 2359 210 2403 e
242 2336 477 2424 compositione
508 2338 649 2404 nominis
681 2361 753 2404 oum
781 2339 904 2404 voculis
928 2338 1037 2425 qualia
1060 2343 1135 2403 sunt
1159 2340 1223 2421 εὐ-,

190 2463 275 2543 tipo,
306 2483 407 2545 ττονμ-,
429 2484 531 2546 πτερω,
562 2463 638 2546 ἀρο,
663 2459 1059 2540 οούτ-θ1ο.01.ον1’ντοδάξ,
1084 2483 1226 2538 raynar-
1299 2450 1302 2456 ¹

189 2579 317 2664 ἀροντος,
341 2580 556 2667 ἀμνφωοάννον,
580 2582 706 2648 similia.

235 2702 475 2782 ἀρνοτντνκάς
517 2704 592 2791 „qui
629 2702 790 2791 prendere
829 2704 933 2770 aolet’
971 2704 1093 2791 legitur
1132 2701 1219 2792 apud

191 2822 335 2911 Eupolin
364 2822 399 2887 in
429 2823 467 2889 11.
501 2825 582 2908 130,
612 2825 677 2891 ἀντὶ
702 2831 751 2892 τοῦ
779 2826 837 2897 ἔθος
860 2828 937 2906 ἔχων
960 2828 1082 2906 ἀροοτάν
1107 2823 1223 2910 (Bekk.

192 2944 319 3010 Anecd.
353 2947 403 3010 79.
435 2946 500 3030 22).
532 2945 582 3011 Dc
612 2946 715 3011 forma
746 2945 987 3024 ο1.βοοδοοτνκο’ρ.
1013 2946 1061 3011 01.
1087 2945 1223 3033 praefat.

191 3069 208 3153 ξ
235 3069 304 3145 ly.
327 3067 579 3148 ἀνοορίοτνρτος
602 3072 712 3132 autem
736 3072 786 3131 ost
812 3068 1030 3154 „impransus,
1055 3066 1111 3152 qui
1128 3086 1224 3153 pran-

192 3188 282 3254 dium
307 3209 373 3253 non
397 3186 554 3276 sumpsit'
576 3188 663 3277 apud
686 3188 828 3276 Eupolin
851 3187 886 3252 in
904 3187 941 3253 11.
960 3189 1018 3251 68:
1034 3185 1224 3267 ἀνοράττντος

192 3312 227 3376 ὢν
263 3310 360 3376 κούδὲν
392 3311 547 3392 βεβροκώς
582 3317 616 3377 ot
646 3311 900 3398 Aristophanem
931 3310 966 3374 in
994 3309 1032 3376 11.
1065 3309 1140 3372 454.
1174 3306 1224 3374 01.

192 3433 344 3514 ἀνάριστος
375 3431 489 3518 (idom)
517 3455 565 3520 ap.
589 3433 673 3498 Xen.
698 3432 760 3497 An.
788 3435 813 3497 l.
841 3434 893 3501 10.
921 3433 971 3495 19.
996 3437 1057 3496 eto.
1082 3431 1221 3496 Theoor.

197 3553 246 3618 15.
282 3555 357 3618 147.
388 3553 503 3641 Polyb.
537 3556 567 3621 3.
601 3554 653 3618 71.
677 3551 966 3635 11611).ἀνοορνστάω
990 3558 1023 3618 ot
1047 3552 1223 3616 substric-

196 3675 343 3756 ονρίοτνρονς
366 3674 576 3756 θ1ἀνοορτοτ1οι
599 3675 742 3740 citantur
766 3697 808 3741 ex
831 3674 988 3762 Hippocr.

237 3797 388 3878 ἀρμορὴ
415 3795 503 3886 apud
526 3797 668 3885 Eupolin
690 3797 725 3861 in
749 3797 785 3864 11.
811 3799 870 3862 11:
897 3797 1028 3884 ,ταύτην
1053 3797 1110 3874 ao
1134 3794 1224 3877 ζητῶν

199 3919 291 3985 nolam
325 3919 378 3994 τὴν
410 3917 560 4000 ἀρμονήν”
590 3917 709 3984 (licitur
740 3917 786 3982 ἐπὶ
819 3922 874 3982 τῶν
906 3915 1072 4000 ἀρριάοεων,
1105 3914 1140 3989 ἀς
1153 3932 1225 3980 ὀτοτ-

200 4048 291 4108 οῦντοον
319 4042 343 4106 οἱ
373 4040 519 4125 μουσικοὶ,
552 4040 667 4106 ἕτεοδάν
690 4038 724 4118 ἐξ
745 4039 883 4122 ἀρριονίοος
904 4038 943 4111 εἷς
967 4037 1065 4118 ἑτέροιο
1088 4037 1225 4117 ἀρριονίοον

201 4166 333 4240 perluor,
357 4161 427 4247 Φέρε
453 4162 570 4246 (velut)
595 4162 627 4226 ἐκ
651 4163 762 4242 Δωρίων
785 4161 824 4234 εἷς
848 4159 985 4226 ‘arctoa
1008 4159 1024 4235 ἢ
1048 4161 1081 4223 ἐκ
1097 4157 1224 4238 Φρυνίων

203 4283 235 4358 εἷς
260 4281 505 4366 ’Υπερρννξοοάδοοο
526 4282 656 4367 (Bell.
693 4282 818 4347 Anccd.
854 4283 904 4346 15.
937 4282 1004 4366 20).
1038 4279 1224 4346 Secundum
