2836 4934
530 226 797 309 Ἀμφιτιττνβίζολ
1141 235 1181 298 21

149 477 199 538 est
229 471 317 560 apud
350 470 516 558 Aristoph.
548 472 582 535 in
612 472 694 537 Ran.
719 495 747 538 v.
772 473 852 537 679:
881 481 1105 557 ,,Κλεοφῶντος,
1131 476 1181 558 ἐφ’

147 591 179 659 οὗ
209 593 241 668 δὴ
268 593 399 674 χείλεσιν
428 592 612 676 ιίμφιλοίλοις
638 594 723 658 δεινὸν
747 592 938 675 ἐπιβρέμεται
964 597 1074 679 Θρριοία
1097 613 1181 678 χελι-

146 714 227 781 δών”.
260 716 408 802 Simplex
439 714 530 787 λιίλος
554 715 641 803 apud
664 717 774 803 pluras
797 717 964 783 invonitur
988 720 1181 806 scriptores;

84 915 86 919 .
148 838 190 904 de
214 837 449 924 compositione
474 837 512 902 cf.
536 837 762 920 ιίμφαρίοτεροι.

191 957 489 1038 αμφιτιττνβίζιο
531 958 571 1023 de
610 959 718 1045 parvis
756 960 871 1024 avibus
911 967 1095 1049 usurpatur,
1132 968 1182 1028 est

150 1080 419 1166 „circumstrep0,
437 1079 721 1156 circumstrideo‚”
738 1080 904 1168 Aristoph.
923 1084 984 1148 Av.
1002 1085 1085 1148 235:
1106 1081 1180 1166 „tra

145 1202 242 1279 βῶλον
264 1200 524 1283 ἀμφιτιττυβίζεθ’
547 1197 599 1266 ὦδε
619 1202 727 1267 λεπτὸν
743 1202 869 1286 αδομίνρι
884 1205 1002 1288 φωνᾷ”.
1026 1205 1179 1292 Blaydes.

145 1324 300 1412 proponit
334 1322 429 1397 βῶλον
464 1321 547 1404 ἄμφι
582 1322 765 1404 τιττνβίζεί.
802 1324 901 1389 Ouios
936 1325 1004 1389 avis
1039 1346 1104 1390 vox
1136 1326 1179 1390 sit

145 1443 323 1525 τιττυβίζειν
346 1465 413 1508 non
437 1443 646 1510 consentiunt
662 1444 702 1509 V.
716 1446 755 1510 L.
769 1445 806 1509 L.
832 1444 1019 1512 Secundum
1035 1446 1179 1532 Hesych.

145 1565 270 1646 χελιδὼν
303 1564 482 1645 τιττυβίζει,
522 1564 654 1630 secund.
689 1567 791 1644 Pon,
826 1567 967 1645 Athen„
1004 1568 1178 1634 Aelianum

146 1686 273 1769 πέρδικες
304 1687 526 1768 τιττυβίζουσιν.
558 1688 745 1769 Τιττνβίζειν
769 1689 868 1754 etiam
892 1689 979 1776 apud
1003 1691 1176 1778 scriptores

146 1810 368 1875 non-comicos
392 1810 576 1895 invonitur3
601 1810 638 1876 cf.
663 1810 797 1896 praefat.
822 1813 840 1895 ξ
864 1812 894 1875 5.

190 1931 473 2012 οξμφορεαφίρος
501 1932 575 2018 „qui
600 1933 771 2018 amphoras
795 1933 920 1998 baiulat
939 1932 1088 1998 mercede
1105 1955 1180 1998 con·

148 2052 287 2118 ductus”
318 2054 439 2140 legitur
470 2053 557 2139 apud
588 2054 729 2140 Eupolin
760 2055 795 2118 in
825 2055 863 2122 fr.
890 2056 963 2120 187:
991 2056 1179 2136 περιήλθομεν

146 2175 196 2239 καί
220 2179 315 2257 φῦλον
337 2174 580 2258 οίμφορεαφίριιν.
606 2175 710 2242 Suid.:
736 2177 996 2260 οίμφορεαφίρονς·
1021 2179 1086 2249 τοὺς
1110 2203 1175 2254 μισ-

145 2296 218 2369 ίίονς
241 2297 306 2369 τοὺς
330 2298 370 2362 τοὶ
394 2296 520 2375 κεροίμια
540 2297 690 2380 φέροντας.
715 2299 765 2364 De
787 2299 1021 2385 compositione
1039 2299 1077 2365 cf.
1094 2299 1177 2380 οίγρι-

145 2418 247 2490 ονιοιίς.
280 2419 426 2484 Verbum
457 2421 748 2502 ιίμφορεαφορεῖν
777 2425 826 2485 est
849 2442 898 2506 ap.
923 2420 1177 2507 Aristophanem

144 2541 179 2604 in
210 2540 246 2605 fr.
278 2542 360 2605 299:
392 2538 522 2605 κᾶπειτα
552 2541 653 2617 μίοίον
683 2540 790 2605 σαυτὸν
820 2543 1067 2624 οίμφορεαφορείν.
1091 2542 1177 2607 Vide

143 2665 315 2747 praeterea
338 2660 379 2725 ad
403 2682 473 2726 voc.
496 2661 691 2740 αμφορείδιον.
715 2662 763 2728 Of.
789 2662 921 2749 praefat.
945 2665 963 2747 ξ
987 2663 1056 2741 3β.

187 2781 419 2863 αμφιρείδιιν
439 2781 666 2869 „amphorula”
682 2783 803 2869 legitur
818 2783 904 2869 apud
922 2783 1175 2872 Aristophanem

141 2906 178 2968 in
201 2904 288 2969 Eccl.
313 2926 342 2968 v.
372 2906 471 2967 1119:
505 2903 581 2968 πολὺ
604 2904 629 2968 δ’
653 2904 867 2983 ὑπερπέπαικεν
891 2901 928 2969 αὖ
952 2904 1058 2970 τούτων
1081 2905 1174 2971 ιὶτοίν-

141 3052 197 3092 των
229 3028 269 3091 τίι
301 3025 388 3091 Octo?
410 3024 595 3106 ἀμφορείδια.
629 3026 704 3106 (Sic.
734 3025 805 3090 cod.
829 3025 922 3092 B.R.
936 3036 968 3102 Γ,
995 3025 1066 3090 ·ι2ια
1089 3026 1173 3092 Poll.

146 3149 196 3213 10.
223 3149 278 3231 72)
310 3152 343 3212 et
368 3148 443 3212 Pac.
468 3168 495 3211 v.
520 3147 584 3211 202
611 3146 663 3231 (Β.
677 3145 718 3229 V,
741 3144 812 3209 -rhru
837 3144 946 3229 Μ).
992 3146 1175 3231 Dominuti-

141 3291 219 3335 vum
244 3275 294 3335 est
318 3269 404 3334 vocis
428 3269 589 3351 οίμφορειίς.
614 3269 663 3334 ef.
688 3267 839 3350 λαγῴδιον,
856 3269 964 3344 βοίδιον
984 3270 1055 3335 alia.
1071 3271 1172 3357 (prae-

140 3389 198 3458 fat.
231 3392 248 3473 ξ
274 3391 316 3473 7);
349 3389 388 3453 cf.
421 3389 577 3454 deminut.
610 3389 789 3469 ἀμφορίσκοι
821 3410 872 3474 ap.
905 3388 998 3453 Dem.
1033 3391 1085 3452 22.
1114 3390 1173 3472 76;

139 3512 291 3593 οίμφορειίρ
324 3511 444 3598 legitur
467 3511 586 3598 passim
610 3510 697 3597 apud
720 3511 911 3597 scriptores,
938 3511 1041 3574 forma
1065 3510 1173 3596 primi-

141 3635 209 3700 tiva
231 3632 419 3718 οίμφιφιρειίς
444 3632 619 3698 Homerica
642 3638 700 3696 est.

185 3754 454 3838 οίναβορβοριίζοι
489 3752 673 3837 „exclamo”
706 3755 826 3840 legitur
857 3752 942 3840 apud
972 3753 1075 3818 solum
1100 3753 1173 3818 Ari-

140 3877 246 3964 stoph.
278 3877 314 3941 in
344 3876 421 3941 Eccl
462 3898 491 3941 v.
525 3876 607 3939 433:
644 3875 686 3956 „oi
713 3874 738 3937 δ’
762 3876 794 3939 ἐκ
818 3877 872 3939 τῶν
896 3875 992 3953 typar
1015 3873 1171 3953 οίνεβορβί·

138 3995 255 4080 ρυξαν”.
280 3996 327 4062 Of.
352 3997 451 4062 etiam
475 3997 575 4062 verba
593 3994 767 4077 οίναβρνιίζω
784 3996 857 4083 fflq.
876 3997 971 4080 602),
987 3995 1172 4076 οὶνοιίορνβεῑν

139 4121 240 4204 (Plat.
272 4120 360 4184 Prot.
394 4121 467 4183 334.
499 4141 523 4184 c.
556 4120 641 4184 Xen.
674 4119 779 4183 Anah.
813 4120 841 4183 5.
876 4120 903 4181 1.
933 4117 995 4204 3.),
1021 4117 1171 4198 οίνακριίζω

139 4239 241 4324 (Xen.
275 4238 336 4303 An.
370 4240 397 4302 6.
430 4240 460 4304 4.
493 4240 575 4322 22),
600 4237 749 4317 οίναβοιῖν,
780 4239 853 4302 alia.
879 4237 1083 4302 Vocabulum
1106 4238 1170 4320 βόρ-
