2836 4934
529 278 754 341 Ἑναποπατεῖν.
1093 277 1153 340 121

122 519 197 589 εἶδον
227 523 523 604 ἐμπεφορβειωμένον.
560 523 608 590 Ol.
644 524 811 590 Eustath.:
842 524 986 609 φορβειοὶ,
1013 524 1101 602 ἤγουν
1122 525 1156 590 τὸ

122 645 174 710 καὶ
205 644 387 724 πεοιστὸμιον
417 645 466 710 καὶ
494 645 619 723 στόμιον.
653 641 712 710 ὅθεν
741 645 789 710 καὶ
813 646 827 710 ὁ
850 646 932 727 παραὶ
966 647 1006 727 τῷ
1041 648 1156 728 κυμικῷ

122 767 423 849 ε’μπεφοοβειωμένος.
447 765 532 833 Vide
556 767 655 854 Vesp.
673 769 748 832 582.
773 766 855 832 (lum
871 767 970 833 verbo
990 768 1155 848 ἐμΦοοβειῶ

123 885 164 950 of.
182 908 212 951 v.
229 886 407 951 inseveras&
424 883 506 952 th.
521 888 595 952 894.
620 886 670 952 De
683 887 918 974 compositione
931 887 970 955 ol.
985 889 1155 971 ἐκκαυλίζω.

170 1008 412 1073 ἐναποπατεῖν
449 1013 617 1090 „ventrem
653 1030 798 1076 exonera
833 1010 886 1075 in”
917 1012 1039 1098 legitur
1069 1012 1156 1099 apud

123 1129 380 1216 Aristophanem
410 1129 445 1194 in
476 1130 552 1196 Pae.
584 1153 614 1196 v.
646 1133 748 1216 1228,
772 1137 806 1198 et
829 1154 880 1219 ap.
905 1133 1095 1220 Polyzelum
1118 1134 1153 1200 in

123 1251 163 1317 fr.
189 1253 227 1336 4,
251 1274 282 1320 v.
307 1254 343 1317 4:
378 1253 520 1334 „assarios
557 1252 616 1333 γοὶο
646 1253 896 1339 ἐναποπατήσεις,
937 1255 1087 1320 Κλεινὶα”.
1112 1293 1155 1305 -

128 1372 177 1438 Of.
202 1372 338 1459 praefat.
361 1375 379 1458 §
403 1375 463 1442 39.

169 1495 363 1560 ἕναποσὶιυ
391 1496 558 1582 „persolvo
581 1493 634 1561 in''
658 1496 778 1581 legitur
798 1495 884 1583 apud
901 1496 1154 1584 Aristophanem

123 1616 158 1681 in
181 1615 244 1681 Av.
269 1638 299 1680 v.
325 1617 385 1682 38:
413 1616 570 1699 ᾖπόλιν...
595 1620 670 1682 τοῖσι
685 1617 777 1692 αοινὶιν
793 1619 962 1683 ε’ναποτῖσαι
978 1617 1155 1700 χρήματα.”

126 1737 271 1824 Simplex
294 1737 420 1803 αὶποτὶνιο
443 1738 563 1825 passim
585 1738 714 1825 legitur.
738 1777 781 1788 —
806 1737 853 1804 of.
877 1738 1012 1826 praefat.
1037 1741 1054 1824 ξ
1078 1741 1108 1803 5.

169 1860 423 1949 ἕνασπιδοῦμαι
458 1861 591 1947 „clypeo
624 1858 733 1925 armo''
763 1859 884 1946 legitur
916 1859 1002 1948 apud
1026 1862 1151 1927 Aristo·

125 1982 267 2069 phanem
290 1981 325 2046 in
352 1980 432 2047 Aah.
456 2002 486 2047 v.
512 1982 593 2045 368:
617 1983 664 2057 μοὶ
686 1979 734 2045 τὶν
757 1981 805 2045 Δί’
830 1983 880 2046 οὐκ
904 1981 1154 2068 ἐνασπιδώσομαι,

126 2102 347 2190 metaphorice
386 2130 428 2158 =
466 2101 745 2185 παρασκευάζομαι,
783 2102 995 2184 καθοπλίζομαι
1030 2103 1152 2186 (Sahal.

127 2222 299 2313 Hesyoh.).
330 2223 377 2290 Of.
409 2223 563 2305 δπιιὶζομαι
588 2246 628 2311 ap
663 2222 740 2290 Eur.
765 2221 852 2288 Med.
878 2224 974 2287 1242.
999 2223 1049 2288 De
1073 2244 1157 2288 oom-

128 2345 288 2432 positione
312 2343 386 2410 vide
413 2342 582 2425 ε’κααυοίζιο.
607 2345 657 2409 De
681 2343 788 2409 verbis
805 2342 845 2407 ad
863 2344 1044 2430 analogiam
1060 2344 1157 2408 huius

128 2486 157 2529 v.
182 2463 329 2530 formatis
353 2463 390 2529 ol.
415 2465 655 2544 ε’γκοιουοοῦοθαι.

169 2583 360 2663 ἐνγεταυθὶ
384 2585 505 2671 legitur
528 2584 614 2672 apud
638 2583 893 2672 Aristophanem
916 2584 950 2650 in
975 2586 1104 2652 Thesm.
1129 2609 1158 2653 v.

129 2708 202 2771 646.
232 2706 329 2771 Tales
353 2705 475 2772 formae
498 2705 717 2783 adverbiales,
747 2707 804 2772 uhi
827 2708 1004 2794 particulae
1027 2732 1081 2786 ys,
1105 2709 1159 2786 μὲν

128 2834 159 2894 et
189 2829 219 2892 δὲ
251 2828 462 2915 interpositae
495 2834 571 2894 sunt
603 2833 636 2894 et
667 2850 750 2916 quae
783 2834 906 2895 exeunt
935 2829 971 2895 in
994 2856 1002 2894 ι
1027 2829 1158 2895 ‹lemon-

129 2948 251 3015 strativ.
288 2948 475 3034 frequentes
510 2960 586 3013 sunt
620 2950 707 3037 apud
743 2951 882 3016 oomioos
918 2956 950 3017 et
986 2952 1071 3039 apud
1103 2974 1159 3017 eos

129 3072 210 3136 solos
230 3070 451 3135 inveniuntur.
477 3071 662 3157 Leguntur:
687 3071 860 3150 ἕνοετευθενὶ
885 3071 1158 3150 Αν.11.τουτουὶ

132 3192 189 3257 hv.
223 3193 298 3257 894.
330 3191 389 3278 eq.
424 3195 496 3260 721.
527 3193 658 3269 ταυταγὶ
691 3192 753 3259 Αν.
788 3196 860 3260 171.
886 3196 959 3258 446.
984 3195 1058 3259 954.
1084 3195 1157 3280 Lys.

133 3314 179 3380 92.
213 3314 312 3379 ἐνθενδὶ
344 3316 417 3401 Lys.
452 3316 527 3380 429.
551 3314 623 3380 νυνδὶ
647 3314 705 3402 Eq.
733 3317 829 3382 1357.
853 3315 941 3379 Plut.
970 3317 1063 3380 1033.
1087 3340 1158 3382 ταυ-

132 3435 203 3511 τηνδὶ
235 3437 298 3501 Av.
332 3438 428 3502 1364.
458 3437 552 3519 τῳδεδὶ
586 3438 648 3502 Av.
675 3439 748 3502 644.
774 3437 882 3512 τηνδεδὶ
906 3438 968 3502 Av.
996 3440 1046 3502 18.
1071 3437 1156 3503 Eeel.

135 3555 201 3621 989.
234 3556 350 3620 ταοδεδὶ
383 3558 458 3642 Lys.
495 3558 589 3622 1274.
614 3558 721 3623 τουτοδὶ
747 3558 835 3624 Plut.
860 3561 935 3624 227.
960 3563 1070 3636 νυνμενὶ
1094 3560 1157 3628 AV.

134 3678 202 3746 448.
220 3676 385 3756 τουτουμενὶ
404 3677 488 3742 Ran
507 3680 581 3744 965.
598 3677 787 3754 ἐνμεντευθενὶ
805 3678 967 3764 Metagen.
985 3678 1022 3743 fr.
1041 3681 1071 3743 6.
1085 3702 1113 3744 v.
1128 3682 1157 3744 5.

167 3797 416 3870 ἑνδεκοὶκοιινος
448 3797 576 3862 videtur
608 3819 677 3863 esse
704 3797 875 3880 „undecim
898 3799 1000 3863 leotos
1023 3794 1158 3885 longus’'

131 3919 217 4007 apud
250 3917 446 3984 Teleelidem
478 3919 514 3983 fr.
548 3919 607 3982 44:
640 3917 724 3995 μόνος
752 3919 783 3982 ἐκ
806 3925 942 4001 κεφαλῆς
965 3917 1158 3984 ἑνδεκακλίνου

124 4033 243 4119 θόρυβον
273 4038 365 4103 πολὺν
394 4036 593 4114 elevavere.
623 4038 782 4121 „Ridetur
805 4040 997 4104 insolentior
1020 4041 1157 4106 Periolsi

125 4159 248 4247 eapitis
272 4142 490 4244 magnitudo’.
516 4158 658 4243 (Koch).
687 4157 848 4246 „cogitari
871 4166 980 4248 potest
1003 4161 1043 4227 de
1064 4183 1157 4250 repo·

120 4279 238 4350 nendo
271 4280 480 4365 ἕνδεκαδούρου,
513 4280 650 4351 formato
674 4281 714 4352 ad
739 4280 981 4353 similitudinem
1006 4282 1157 4357 adieetivi
