2836 4934
195 298 237 360 34
607 294 813 360 Ἀντιοιωτοῖν.

196 543 269 606 138.
305 542 388 606 Xon.
425 540 501 606 Oeo.
541 542 590 605 10.
619 543 679 608 ’10.
714 564 829 619 καταρι.
862 538 985 605 Herod.
1018 540 1104 605 Plat.
1135 539 1224 604 Xon.

193 662 360 727 Plutarch.
383 687 497 739 μεταμ.
515 662 634 727 Aesch.
652 662 733 727 Her.
748 662 834 728 Plat.
851 661 1018 748 Aristoph.
1036 662 1118 727 Luc.
1133 684 1223 741 τροα.

193 784 287 849 Pind.
320 784 420 872 Soph.
452 785 536 850 Plat.
568 785 670 850 Thuc.
702 785 757 852 Ar.
782 810 886 866 τροσρ.
913 786 1028 852 Aesch.
1054 785 1140 850 Xen.
1165 784 1223 848 Ar.

192 929 287 983 συρομ.
312 904 412 992 Soph.
436 905 522 970 Xen.

236 1028 455 1092 οέντιοιιοοιοῖν
481 1026 641 1108 „vicissim
665 1025 791 1092 tacere''
816 1033 865 1092 est
889 1025 975 1112 apud
999 1027 1104 1091 solum
1128 1025 1220 1090 Ario·

192 1148 368 1235 tophanem
392 1147 426 1212 in
450 1148 528 1234 IryS.
552 1170 582 1212 v.
608 1149 688 1212 528:
714 1147 747 1223 ἢν
769 1146 918 1223 ἐθελήσητ’
933 1149 1112 1212 οέντισιοοτοῖν
1128 1144 1224 1226 ὥσπερ

190 1273 311 1351 χήμεῖς.
348 1269 398 1334 De
432 1269 494 1333 hoc
529 1268 709 1356 composito
743 1268 831 1334 idem
867 1268 1081 1333 animadverti
1112 1272 1224 1354 potest

192 1391 278 1478 quod
302 1390 342 1455 de
366 1390 467 1455 verbo
491 1389 722 1474 ἀντακροᾶσθαι,
746 1389 831 1476 quod
857 1389 948 1474 vide;
973 1387 1075 1477 (viros
1093 1393 1224 1476 oportet

191 1514 219 1577 ἕν
242 1512 320 1591 μέρει
336 1515 465 1596 οιοοιῖιν,
482 1512 530 1577 ita
546 1515 582 1575 ut
598 1490 696 1576 antea
711 1510 857 1576 fecerant
873 1509 1051 1597 mulieres).
1074 1508 1223 1597 Simplex

181 1637 303 1700 ,οιοιτοῖν
338 1632 458 1720 passim
491 1632 630 1718 legitur,
665 1631 809 1722 pertinet
840 1632 940 1717 igitur
969 1632 1147 1695 οὶντιοιοτοῐν
1180 1628 1222 1694 ad

191 1755 291 1821 verba
320 1753 464 1819 indicata
494 1753 593 1840 praef.
625 1755 643 1836 5
670 1755 700 1818 5.
725 1753 773 1818 ef.
798 1774 902 1841 comp.
926 1754 1098 1818 οὶοιοοιιοτοῖν
1121 1752 1223 1816 Isocr.

193 1879 243 1941 12.
269 1877 345 1940 215.
369 1874 484 1960 Polyb.
509 1876 562 1940 30.
589 1876 640 1938 17.
657 1873 746 1938 Plut.
763 1874 836 1938 Alc.
856 1875 907 1938 10.
924 1873 1000 1938 διαο.
1020 1874 1105 1938 Xen.
1123 1872 1222 1937 Mem.

191 1999 221 2062 3.
247 1999 299 2062 64.
324 1997 399 2062 Eur.
424 1996 496 2063 Ion.
522 1997 618 2060 1566.
642 1995 730 2061 Plut.
755 1995 854 2082 Ager.
882 1998 933 2062 11.
954 1997 1015 2060 εἰισ.
1033 1994 1148 2080 Polyb.
1167 1995 1223 2059 28.

190 2122 221 2186 4.
257 2121 306 2183 13.
341 2118 415 2183 Arr.
448 2119 476 2182 6.
508 2119 539 2180 4.
572 2118 603 2182 9.
626 2141 737 2183 κατασ.
760 2118 860 2183 Isocr.
885 2118 916 2181 4.
942 2119 994 2181 27.
1019 2118 1106 2183 Xon.
1131 2117 1221 2184 Hell.

190 2243 220 2306 5.
254 2242 285 2305 4.
318 2240 346 2304 7.
376 2238 492 2324 Polyb.
526 2239 566 2302 18
599 2239 651 2303 29.
676 2239 706 2302 9.
730 2239 808 2304 Luc.
833 2237 900 2304 Iov.
924 2243 1005 2323 trag.
1033 2239 1084 2301 13.
1109 2260 1221 2319 ταρασ.

190 2363 305 2450 Polyb.
330 2364 360 2427 2.
388 2366 437 2428 13.
463 2364 492 2430 7,
518 2361 601 2426 broc.
626 2361 780 2427 Aeschin.
807 2363 834 2427 3.
860 2362 935 2425 239.

233 2480 482 2560 οέντισοιασριές
518 2481 685 2567 „tentigo”
710 2482 830 2567 legitur
853 2480 939 2568 apud
964 2481 1219 2569 Aristophanem

187 2605 222 2668 in
246 2605 312 2691 Lys
347 2626 376 2668 v.
402 2606 478 2688 967;
501 2603 589 2669 idem
613 2609 663 2669 est
686 2604 852 2682 σπασμός
877 2606 1002 2691 Lyav.
1023 2605 1219 2669 845.1089ι

190 2721 208 2800 ἦ
233 2748 287 2789 τοο
311 2724 378 2804 σορὸς
395 2723 480 2806 ὄρθρον
496 2725 635 2804 σπασμὸς
652 2725 730 2802 ὑμᾶς
745 2726 914 2810 trabalem
932 2732 965 2791 et
980 2725 1124 2797 τέτανος
1142 2727 1219 2813 Lys.

190 2847 265 2910 553.
290 2846 365 2909 846.
390 2845 537 2923 Σταοριός
561 2845 659 2911 etiam
683 2851 734 2911 eet
757 2846 966 2926 „convulsio”
985 2846 1082 2934 Soph.
1099 2847 1218 2916 Trach.

189 2969 264 3032 802.
290 2965 369 3031 Her.
393 2967 515 3032 4178.
540 2967 641 3033 Thuc.
668 2970 699 3032 2.
716 2969 774 3043 49,
796 2973 829 3034 et
844 2968 961 3040 τέτανος
979 2974 1029 3034 eet
1048 2973 1219 3054 „tetanum

188 3089 275 3175 rigor
298 3088 491 3153 nervorum”
517 3109 568 3174 ap.
589 3087 731 3153 medicos
748 3094 781 3153 et
798 3088 881 3153 Plat.
897 3089 980 3154 Tim.
999 3091 1041 3152 84
1059 3109 1085 3154 e.
1110 3089 1219 3154 Etiam

188 3208 406 3290 ῥοταλιομός
437 3213 487 3273 eet
517 3207 682 3294 „tentigo”
706 3210 740 3273 in
764 3211 839 3297 Lys.
864 3233 893 3275 v.
919 3213 1001 3279 553:
1028 3209 1096 3295 κᾷτ’
1122 3209 1221 3294 ἐντέξρ

189 3330 306 3394 τέτανον
323 3329 440 3408 τερπνὸν
454 3337 512 3402 τοῖς
529 3330 646 3410 οένδροὲσι
663 3329 712 3394 καὶ
727 3333 935 3412 ῥοπαλισμούς.
960 3333 1011 3398 De
1024 3333 1219 3400 formatione

189 3451 228 3516 cl.
252 3451 444 3528 οὶδωνιασριέο.
471 3451 667 3528 Ῥοταλιομός
691 3452 834 3539 pertinet
858 3453 898 3518 ad
923 3476 979 3542 ea,
1004 3477 1087 3541 quae
1103 3457 1220 3521 comici

188 3572 250 3658 ipsi
284 3570 469 3657 finxerunt,
504 3569 642 3650 σπασμός
678 3578 712 3638 et
746 3575 863 3648 τέτανος
895 3576 937 3641 ad
969 3577 1069 3663 praef.
1100 3581 1118 3663 ἓ
1149 3579 1219 3657 2β.

188 3695 392 3769 οὶντιστοισμός
417 3693 456 3757 cl.
480 3692 581 3780 prael.
606 3695 623 3777 ξ
648 3696 677 3758 5.

231 3808 442 3892 οὶντιψοίλλο
466 3813 632 3879 invenitur
656 3790 742 3903 apud
766 3817 933 3906 Aristoph.
951 3819 986 3883 in
1002 3819 1064 3885 Ar.
1082 3843 1116 3903 v..
1131 3824 1216 3890 218:

187 3942 245 4007 τοῖς
269 3941 327 4006 σοῖς
347 3933 457 4009 ἐλέγοις
474 3935 664 4016 οὲντιψοέλλοον
681 3938 908 4020 ἐλεφαντόδετον
923 3941 1099 4025 φόρμιγγα,
1116 3945 1219 4032 elegis

189 4055 253 4119 tuis
288 4056 507 4142 „respondens
538 4059 739 4146 psallendo”‚
770 4062 790 4126 i.
822 4085 852 4149 q.
884 4066 1095 4152 οὶντανοιιιροέιο,
1129 4069 1219 4155 quod

188 4175 324 4242 fortasse
348 4178 434 4264 apud
458 4181 557 4244 schol.
581 4182 756 4268 legendum
781 4191 831 4249 eet
853 4208 912 4273 pro
935 4188 1090 4269 οὶναιιρούοο.
1134 4190 1220 4256 Oon·

188 4297 322 4365 ferenda
352 4307 445 4384 sunt,
479 4325 563 4390 quae
595 4304 636 4370 V.
669 4304 699 4369 d.
730 4305 762 4371 S.
791 4307 896 4373 Bakh.
926 4315 1062 4377 annotat
1086 4310 1127 4376 ad
1152 4312 1218 4379 Ar.
