2836 4934
515 287 774 338 Putaram.
1094 291 1160 340 XIII

169 514 391 604 Interpositas
426 522 502 583 sunt
525 519 783 607 praepositiones
807 520 857 587 iu:
883 521 1156 602 ίαμβρεπιδειπιος,

123 640 441 726 ιυκτοπεριπκοίοκτος,
466 644 500 705 et
524 661 542 707 e
567 639 693 706 duabus
716 640 1013 730 praepositionibus
1029 665 1158 731 oompo·

123 761 222 828 situm
245 766 296 846 eet
318 760 494 843 περιαμφίς.

169 883 305 949 Praeter
347 881 429 947 haee
473 881 726 970 compositorum
746 882 997 948 uocabulorum
1036 906 1158 971 genera

122 1009 256 1073 extant:
297 1003 554 1088 κεραυνοβρίιτκς,
596 1010 865 1082 μελαιοσυρμαῑος,
912 1006 1155 1088 Φλαττίίραττο,

121 1123 459 1208 εὐριπιδαριστοφαιίζοι,
492 1126 715 1203 κοινοίυλακεῖυ,
743 1124 927 1205 κυδοιδοπᾶν,
952 1143 1157 1211 μολυνοπραγ-

121 1245 267 1322 αοιεῖσίαι
291 1245 420 1332 aliaque
444 1244 617 1332 permulta.

165 1366 199 1445 β.
247 1365 426 1433 Occasione
437 1365 599 1431 invitante
612 1365 702 1431 fieta:
719 1366 913 1443 οίοτισιοιτοῖι,
926 1367 1157 1453 ἀντακροᾶσθαι,

122 1487 323 1574 διειτέρευμα,
359 1486 612 1568 ἕπιδιαρρήγυυμι,
649 1485 882 1568 κατασικελίζα,
915 1488 1156 1571 καταφρουπίζα,

121 1609 309 1682 κυιοκλίπος,
334 1602 668 1691 κατατριακοντουτίζα,
694 1606 768 1672 alia.

166 1758 199 1812 γ.
246 1732 294 1798 Ee
317 1751 401 1819 quae
426 1730 547 1796 oomiee
570 1728 702 1817 quidem
719 1728 857 1794 formata
873 1732 950 1793 sunt
984 1730 1032 1794 ita
1048 1735 1158 1796 tamen

122 1862 159 1922 ut
190 1855 307 1943 quibus
340 1853 470 1940 legibus
507 1853 572 1917 sint
605 1853 744 1918 formata
778 1852 873 1918 facile
909 1858 1083 1941 appareat3
1114 1854 1155 1920 ad

122 1976 209 2066 quod
233 1996 336 2062 genus
361 1975 483 2040 refero:

171 2099 279 2166 Verba
310 2097 429 2185 quibus
458 2096 544 2160 inest
575 2094 665 2160 notio
703 2094 756 2178 „in
788 2116 843 2161 ore
874 2095 1019 2162 habeo'’:
1048 2097 1154 2177 καρδα-

119 2218 211 2301 μίζα,
238 2216 363 2302 δημίζοο,
392 2213 534 2297 αἰγιοίζιο,
560 2214 643 2297 τίζα,
667 2214 798 2297 βακίζα,
822 2216 896 2293 alia.

167 2341 257 2418 Quae
289 2339 437 2404 morbum
461 2339 514 2404 vel
538 2336 735 2403 desiderium
760 2339 962 2424 significant:
986 2339 1151 2419 βεμβικιῶ,

118 2465 305 2541 nestoriani,
337 2459 494 2541 σιβυλλιῶ,
526 2464 615 2534 τοκῶ,
650 2459 819 2539 ὑοσκυαμῶ,
844 2461 1036 2549 ὑπερπυρριῶ,
1060 2486 1153 2544 χειρο-

119 2583 275 2660 υοαασεία,
300 2582 543 2663 ἕτερεγκεφαλῶ,
565 2584 734 2667 μαστιγιῶ,
761 2580 833 2645 alia.

162 2704 274 2770 Verba
309 2703 527 2769 deminutiva:
562 2702 703 2782 βδύκκο,
740 2701 957 2778 ἐξαπατύκκω,
998 2703 1150 2790 titianum,

116 2828 190 2894 alia.
266 2814 269 2823 ¹

162 2947 304 3016 Nomina
326 2945 483 3013 feminina
506 2945 628 3010 eomiee
653 2945 742 3010 fieta:
762 2947 958 3027 μαγείραιια,
976 2948 1149 3034 καρύκαιια,

114 3071 351 3153 ἰχθυοπώλαιια,
375 3065 588 3149 οίλεκτριίαιοα,
613 3066 759 3148 καρδόπη,
783 3070 962 3153 στρατκαίς,
987 3071 1151 3153 φθίνυλλα,

114 3190 358 3277 ἐπικοκκάστρια,
382 3189 600 3274 συκοφοίυτρια,
625 3191 844 3277 συροπαίστρια,
868 3191 942 3255 alia.

161 3314 256 3380 Fieta
281 3312 322 3379 ad
346 3312 643 3400 patronymicorum
668 3312 930 3379 similitudinem:
950 3314 1148 3392 μισίαρυίδκς,

114 3435 351 3518 σπουδαρχίδης,
375 3433 502 3498 similia.

161 3555 382 3649 comparativi
414 3560 447 3620 et
478 3553 668 3640 superlativi
700 3553 822 3618 oomiee
846 3554 914 3618 fieti
938 3560 1031 3619 sunt:
1055 3579 1150 3636 κραμ-

113 3680 258 3764 βίτατος,
284 3675 465 3762 αὐτότατος,
490 3676 669 3759 δπτίτατος,
687 3675 917 3759 προτεραίτερος,
934 3675 1149 3755 οίιδραποδιστι-

113 3788 257 3876 κοίταπα,
277 3799 472 3874 ποτίστατος,
496 3795 721 3881 γαστρίστερος,
747 3796 820 3860 alia.

159 3922 340 3989 Imitativa:
372 3916 661 3996 τιτιτιτιτιτιτιπίια,
696 3924 997 3991 ποποποποποποποῦ,
1024 3922 1079 3983 ποῦ
1103 3924 1148 4001 aqi

113 4050 174 4119 πῶς
198 4045 401 4131 (παπαπῶς),
427 4042 499 4108 alia.

157 4168 314 4233 Restant:
338 4164 536 4248 ίχίυολύρκκς,
552 4161 751 4244 κυκλοβορεῖν,
769 4156 1029 4240 καταγιγαρτίζω,
1047 4183 1146 4239 κωμῳ-

111 4288 273 4370 δολοιχεῖυ,
296 4287 405 4370 βοίδυς,
429 4285 619 4374 βυρσαίετος,
643 4281 929 4369 μετεωροσοΦιοτής,
954 4277 1146 4362 perversae,
