2836 4934
188 301 231 364 42
588 296 820 376 Ἀποκρούεοθαι.

187 551 225 611 nt
256 545 403 630 videtur3
427 545 466 610 af.
492 544 592 610 etiam
615 543 656 609 ad
679 565 749 610 voa.
773 543 976 628 τκαριφκομθς
1000 549 1034 610 et
1056 546 1222 626 σκαλαθυρ-

186 666 295 747 μάτια.
319 667 370 734 De
393 666 588 732 formatione
612 666 652 732 ef.
675 665 913 748 βωρκολύχευμα.

232 788 508 870 ἀποκρούεσθαι
553 786 669 879 (pass.)
719 787 925 875 „defringor”
963 788 1085 876 legitur
1122 788 1220 854 modo

187 911 274 1000 apud
298 913 552 1000 Aristophanem
576 911 611 976 in
627 911 710 977 Aah.
728 933 758 976 v.
776 913 859 976 459:
876 911 1054 977 κοτυλίσκιον
1069 910 1102 975 τθ
1117 917 1221 992 χεῖλος

186 1031 438 1112 ἀποκεκρουμένον.
479 1031 622 1120 (Schol.:
660 1029 944 1121 ἀποκεκλαοαένον).
983 1033 1060 1099 Alia
1099 1033 1222 1120 signifi·

188 1155 317 1221 natione
348 1155 515 1221 invenitur
538 1154 624 1242 apud
649 1155 730 1220 alios
753 1155 807 1239 (af.
830 1154 926 1241 praef
944 1159 966 1219 t.
991 1153 1109 1240 ξ2β),
1130 1156 1222 1221 velut

191 1275 413 1364 „repellendi”
445 1275 532 1364 apud
559 1277 660 1342 Thno.
687 1278 717 1341 4.
745 1278 826 1353 107;
852 1277 882 1342 2.
908 1279 938 1342 4.
963 1276 1049 1342 Xon.
1074 1275 1163 1342 Hell.
1189 1279 1221 1342 5.

189 1399 219 1461 3.
244 1397 298 1479 22,
323 1401 384 1463 ete.
409 1396 525 1483 Polyb.
552 1396 604 1461 22.
632 1399 682 1463 11.
707 1396 755 1462 Of.
781 1396 990 1478 περικρούεοθοιι
1018 1418 1069 1484 ap.
1095 1396 1220 1486 Phryn.

187 1517 293 1583 Bokk.
317 1539 348 1605 p.
375 1518 426 1581 60.
452 1518 512 1581 25:
537 1516 782 1597 περικεκρουμένος
806 1517 949 1597 ἀνθρωπος
966 1555 1009 1567 -
1026 1519 1042 1591 ἦ
1058 1519 1220 1599 μεταφορὰ

187 1638 247 1703 ἀπθ
261 1644 318 1704 τών
334 1639 464 1717 ἀγγείων
480 1642 537 1702 τών
549 1637 604 1703 ἀπὸ
615 1636 718 1719 χρόνον
729 1638 994 1719 περικεκρουρκένων.
1017 1639 1222 1726 Quamquam

188 1758 279 1824 notio
306 1757 517 1844 „frangendi”
542 1758 648 1844 neque
672 1759 707 1822 in
722 1758 794 1824 aliis
810 1759 998 1846 compositis
1015 1759 1105 1825 verbi
1121 1759 1220 1845 κρούω,

188 1901 294 1967 neque
324 1879 359 1943 in
390 1879 480 1945 verb.
513 1879 618 1967 simpl.
652 1885 766 1946 extare
790 1880 938 1964 videtur,
964 1881 1085 1968 optime
1110 1886 1222 1947 tamen

189 2001 311 2068 dietum
336 2007 402 2084 est,
428 2001 511 2066 verti
535 2000 622 2066 enim
648 2007 758 2087 potest
774 2023 923 2068 sermone
940 2003 1115 2069 vernaculo
1135 2008 1224 2086 „met

189 2124 463 2211 afgestooten
485 2120 598 2187 rand”.

232 2243 437 2327 ἀπολιβώζ
441 2269 461 2308 ω
486 2273 527 2298 --
552 2241 708 2325 „esuriret
723 2242 940 2326 ἀναχωρήσεις”
958 2244 1066 2333 (Suid.
1084 2244 1223 2332 Sahal),

190 2397 230 2422 =
255 2364 391 2440 ἀπέλθω,
415 2363 575 2444 ἀποδράμω
601 2361 724 2450 (Etym.
750 2368 817 2451 m).
841 2367 1010 2434 Derivatio
1033 2369 1068 2432 in
1084 2368 1222 2435 obscuro

189 2489 293 2572 iacet3
326 2487 425 2553 schol.
458 2484 584 2550 derivat
612 2505 638 2549 a.
663 2506 693 2549 u.
717 2487 806 2564 λιβάς
829 2489 852 2556 i.
877 2510 905 2554 e.
929 2490 1065 2571 σταγών,
1090 2487 1121 2567 ἧς
1146 2491 1224 2557 οὐδὲν

190 2610 353 2691 ταχύτερον
386 2611 415 2674 ἕν
445 2613 485 2692 τῷ
516 2613 643 2678 πίπτειν.
676 2611 848 2677 Invenitur
878 2631 948 2676 voe.
981 2633 1033 2699 ap.
1066 2614 1124 2678 Ar.
1158 2613 1222 2679 Av.

194 2739 296 2802 1467:
325 2738 374 2819 „orl
390 2745 556 2817 πτερυγιεῖς
572 2740 711 2805 ἐντευθενί
718 2761 727 2823 ;
743 2740 793 2803 ούκ
808 2736 1037 2822 ἀπολιβάξεις”;
1054 2745 1089 2804 et
1105 2738 1222 2826 Eupol.

191 2858 227 2923 fr.
254 2861 329 2924 206.
354 2858 504 2947 Speciem
518 2856 628 2926 lrabet
652 2860 738 2948 quod
764 2861 905 2947 Bentley
929 2860 1016 2925 Nub.
1044 2861 1148 2925 1296:
1172 2862 1224 2926 ούκ

190 2980 340 3058 ἀποδιώξει
373 2979 482 3069 (codd.
513 2980 696 3071 ἀποθιώξεις)
724 2981 831 3048 ταυτὸν
854 2981 914 3046 ἀπὸ
937 2990 989 3057 τοῖς
1014 2983 1122 3067 οῖκθοος;
1147 3003 1224 3048 eon-

190 3106 267 3172 ieoit
297 3107 346 3172 ούκ
375 3106 580 3186 ἀπολιβάξεις.
612 3107 711 3194 Apud
743 3107 894 3172 Phereor.
928 3105 981 3195 (fr.
1010 3104 1068 3195 42)
1093 3103 1225 3172 ridetur

192 3248 263 3293 esse
298 3228 503 3295 transitivum
539 3260 580 3284 =
616 3231 773 3309 ἀπορρῖψαι
804 3226 853 3292 καῖ
885 3225 1066 3305 ἀποφθεῖρειν
1101 3224 1223 3313 (Bekk.

191 3348 317 3414 Aneod.
348 3351 423 3414 431.
459 3348 507 3437 3),
539 3350 601 3414 nisi
624 3350 707 3414 forte
731 3369 844 3413 verum
868 3352 931 3430 est,
956 3345 1043 3434 quod
1066 3348 1223 3435 proponit

191 3468 343 3555 Blaydes.
379 3471 596 3552 „Adversaris
626 3471 661 3535 in
691 3469 886 3534 oomioorum
919 3489 1108 3554 graemrum
1139 3468 1224 3554 frag·

192 3588 320 3656 menta'’
346 3588 435 3656 Part.
459 3592 504 3656 Π.
528 3614 558 3679 p.
583 3592 644 3658 20:
669 3591 718 3656 ούκ
733 3587 928 3666 ἀπολιβάξεις
944 3588 1009 3654 σύν
1024 3586 1224 3668 τριγώνοις

192 3710 254 3775 καῖ
285 3710 419 3791 λύραις
453 3710 521 3800 (vel
548 3712 657 3800 potius
680 3709 845 3791 τριγώνῳ
869 3708 931 3775 καὶ
955 3706 1067 3797 λύρα)
1091 3729 1149 3796 pro
1173 3709 1223 3774 καῖ

192 3830 341 3911 τριγώνους
364 3833 413 3897 καῖ
437 3832 536 3914 λύρας.

237 3952 525 4035 ἀπολιταργθζω
560 3954 676 4035 „celeri
708 3952 811 4042 gradu
834 3973 869 4018 se
892 3951 1079 4040 proripera”
1103 3953 1225 4039 legitur

195 4073 281 4161 apud
306 4075 410 4140 solum
434 4074 687 4163 Aristophanem
712 4074 798 4140 Nub.
827 4076 929 4139 1253:
955 4074 1074 4140 ούκουνά
1090 4075 1179 4148 νύοας
1196 4100 1225 4141 τι

194 4199 297 4262 θάττον
321 4198 541 4277 ἀπολιταργιεῖς
564 4196 625 4261 ἀπὸ
646 4205 699 4271 τῆς
724 4196 828 4277 θύρας,
853 4196 958 4261 aerius
982 4196 1105 4261 dietum
1126 4218 1224 4283 quam

192 4319 377 4400 ἀποτρέχειν.
411 4317 617 4405 Etymologia
647 4317 738 4383 verbi
768 4317 895 4383 ineerta
926 4323 984 4383 est.
1013 4316 1062 4383 Of.
1086 4319 1224 4406 praefat.
