2836 4934
200 311 241 383 68
590 312 840 401 Βορβοροτιὶραξις.

198 565 238 631 ad
271 587 339 632 voe.
370 564 609 647 βορβοροτάραξις
643 567 716 653 (Eq.
750 568 834 649 309).
867 565 920 631 Ad
951 565 1104 632 formam:
1129 591 1232 647 καρτε-

196 687 312 763 ρόόυμις
336 686 433 750 Hom.
459 684 520 753 Od.
545 688 598 751 21.
622 688 683 764 25,
708 690 770 751 eto.
799 686 879 752 Hes.
905 686 966 752 Th.
991 688 1065 750 225.
1089 687 1232 765 ὃμόόυμος

196 809 338 896 Hesyoh.
371 808 536 891 βαρύθυμος
571 808 646 873 Eur.
681 807 768 873 Med.
806 810 877 872 176.
922 807 1003 873 eall.
1038 807 1111 873 Del.
1148 810 1227 874 215.

196 931 283 995 Plut.
308 931 405 999 Alex.
431 933 460 994 9.
481 929 670 1009 ,γλυκύθυμος
694 930 792 994 Hom.
815 928 854 994 Il.
880 930 932 994 20.
958 930 1033 1013 467,
1057 928 1130 992 alia.
1161 997 1165 1005 ,

238 1050 540 1132 βορβοροτάραξις
590 1051 664 1139 „qui
711 1052 852 1116 civitatis
895 1056 1015 1115 statum
1062 1049 1228 1115 turbidum

195 1173 331 1242 reddit'’.
364 1174 474 1242 Schol.
505 1173 789 1254 ταραχωδέστατα·
807 1170 974 1252 ταράττων
1006 1172 1058 1245 τὴν
1084 1170 1169 1236 πόλιν
1192 1172 1229 1243 ὡς

98 1378 103 1387 ³
193 1296 339 1378 βόρβορον.
381 1294 520 1380 Legitur
551 1293 638 1381 apud
670 1292 839 1380 Aristoph.
871 1291 906 1357 iu
937 1291 997 1380 Eq.
1030 1315 1060 1357 v.
1092 1294 1176 1357 309:
1208 1287 1229 1357 ὦ

194 1417 420 1501 βορβοροτάραξι
448 1419 497 1484 καὶ
525 1421 577 1493 τὴν
600 1418 684 1484 πόλιν
707 1415 831 1484 ἅπασαν
855 1421 934 1495 ἡμῶν
958 1416 1228 1502 ἀνατετυρβακώς).

194 1540 242 1638 Cf.
270 1540 466 1618 ὠτοκάταξις,
496 1541 515 1607 i.
540 1562 566 1606 e.
590 1541 603 1605 ό
626 1541 865 1620 συντετριμμένος
890 1541 922 1606 τὸ
945 1537 990 1613 οὖς
1015 1540 1096 1605 Poll.
1122 1543 1151 1604 2.
1175 1541 1228 1604 83.

194 1664 273 1730 Voo.
307 1660 548 1744 βορβορυτοὲροιξις
584 1663 706 1728 oomiee
741 1663 956 1750 compositum
992 1682 1063 1727 esse
1098 1660 1229 1726 videtur

192 1784 322 1874 inverso
355 1783 574 1849 membrorum
602 1782 734 1867 ordine,
766 1783 793 1847 si
825 1784 912 1848 enim
944 1788 1031 1849 esset
1054 1779 1228 1862 ταραξιβόρ-

192 1903 292 1984 βορος,
324 1924 397 1968 eum
429 1925 467 1969 eo
499 1904 678 1990 eomparari
710 1909 844 1991 possent
875 1924 963 1969 roeo.
992 1900 1228 1988 ταραξικάρδιος,

104 2079 107 2085 .
192 2026 503 2109 ταραξιππόστρατος,
538 2027 764 2107 κυκιροότεΦρος,
798 2025 960 2112 τρυοόβιος,
997 2025 1225 2109 κλαυοόμοιχος,

193 2147 327 2230 similia,
360 2169 443 2233 quae
473 2148 581 2213 omnia
604 2151 680 2212 sunt
704 2147 884 2234 composita
908 2147 1087 2233 obieotiva,
1111 2170 1131 2213 a
1154 2169 1225 2214 ver·

193 2270 242 2334 bis
273 2269 472 2356 incipientia.
504 2269 709 2335 Vocabulum
731 2268 973 2350 βορβοροτάραξις
998 2269 1145 2335 imitatur
1168 2271 1224 2337 Li·

192 2390 308 2455 banius
331 2390 405 2456 Vol.
436 2389 481 2457 ΙΙ.
512 2412 544 2476 p.
576 2392 650 2455 395.
686 2388 772 2455 Vide
803 2390 904 2477 praef.
935 2392 953 2474 §
980 2391 1029 2454 12.
1068 2389 1118 2454 Of.
1152 2411 1222 2455 voe.

155 2535 159 2542 ·
191 2512 408 2596 βορβορόόυμος,
428 2510 629 2591 βοβοροκοίτιρς
645 2512 776 2596 (nomen
792 2513 904 2594 ranae)
921 2511 1128 2577 Batrachom.
1147 2513 1223 2578 228.

235 2630 362 2711 βότρυς
387 2628 494 2716 signif.
522 2629 703 2712 „inaurium
722 2627 844 2715 genus’'
863 2628 949 2716 apud
967 2628 1224 2717 Aristophanem

190 2754 225 2818 iu
250 2753 288 2819 fr.
313 2754 397 2836 320,
420 2774 451 2818 v.
473 2753 521 2816 10.
546 2750 595 2816 Of.
619 2751 764 2838 Hesych.
787 2751 942 2832 βοτρύδια·
967 2753 1122 2830 ἐναταρόοιν
1140 2747 1224 2823 εἶδος.

190 2875 213 2938 οἱ
252 2874 280 2938 δὲ
318 2873 433 2953 βότρυς.
478 2873 607 2939 Nomen
647 2878 753 2938 ortum
792 2872 921 2939 videtur
955 2895 975 2938 a
1010 2872 1223 2939 similitudine

190 2999 323 3057 ornatus
362 3014 434 3057 oum
476 2992 591 3074 „uva’'‚
625 2993 686 3058 hac
722 2994 808 3058 enim
843 2993 1080 3079 significatione
1115 2993 1222 3075 βότρυς

188 3112 309 3198 legitur
339 3112 440 3194 Hom.
471 3113 510 3177 Il.
538 3115 588 3177 18.
614 3114 687 3177 562.
720 3113 776 3179 Ar.
799 3114 859 3201 loq.
887 3115 982 3178 1077.
1006 3114 1092 3180 Plat.
1117 3114 1221 3202 Legg.

192 3238 220 3300 7.
239 3237 304 3300 844
321 3234 371 3318 d.;
395 3234 482 3301 idem
506 3239 557 3300 est
581 3234 668 3322 quod
695 3234 900 3316 ,,βόοτρυχος”
925 3234 1012 3323 apud
1036 3236 1221 3323 sequiores,

191 3377 250 3422 vo.
284 3356 392 3421 Noun.
429 3355 469 3420 D.
504 3358 532 3421 1.
561 3358 636 3422 528.
672 3355 793 3442 Agath.
828 3359 868 3420 21
901 3356 956 3441 (V.
989 3358 1078 3442 287).
1105 3395 1146 3405 -
1171 3356 1220 3422 ef.

188 3475 283 3561 praef
301 3481 323 3540 t.
347 3478 365 3560 ξ
389 3475 458 3552 2β.
624 3449 625 3453 ¹

226 3597 495 3674 βουνιευμοὶοιον
530 3593 773 3679 „consiliolum”
796 3596 917 3683 legitur
940 3596 1026 3685 apud
1049 3596 1219 3685 Aristoph.

187 3719 223 3782 in
261 3718 320 3806 Eq.
356 3742 385 3784 v.
413 3721 492 3783 10οι
527 3717 628 3784 κιόντα
663 3719 749 3784 ταυτὶ
784 3718 952 3784 κατατοόοω
985 3719 1220 3798 βουλευματίων.

189 3838 435 3904 Dominutivum
466 3846 516 3905 est
548 3840 650 3924 (vocis
677 3841 864 3926 βούλευμα),
888 3841 975 3928 quod
998 3842 1121 3908 indicat
1145 3842 1221 3908 sub-

189 3959 341 4024 tilitatem
365 3961 600 4046 cogitationum
624 3968 658 4028 et
680 3956 888 4028 consiliorum
905 3964 999 4028 servi.
1017 3965 1218 4030 Terminatio

188 4104 238 4143 -ιοο
262 4080 581 4182 frequentissima'in
605 4084 790 4148 nominibus
814 4085 938 4170 graeeis
961 4085 1139 4170 invenitur,
1162 4086 1219 4153 sed

188 4200 222 4265 in
252 4200 501 4288 Aristophaneis
532 4203 649 4269 fabulis
677 4227 744 4270 non
768 4211 834 4270 tam
858 4228 954 4295 saepe
979 4230 1076 4295 quam
1100 4230 1221 4296 expoe-

188 4328 294 4389 tamus
318 4345 361 4389 ex
384 4323 568 4411 frequentia
591 4326 661 4390 eius
684 4325 771 4413 apud
795 4328 936 4413 reliquos
960 4329 1143 4415 scriptores.
1169 4330 1218 4397 ef.
