2836 4934
190 282 233 358 50
598 289 814 379 ἀρτοστροφεῖν.

190 540 269 621 858,
294 538 427 623 (nomen
443 544 493 604 est
510 540 698 606 comoediae
715 540 888 628 Hermippi
904 542 942 608 fr.
960 544 1103 627 8-13)‚
1120 544 1224 610 Aroh·

189 661 255 749 ipp.
288 682 369 725 eom.
405 660 444 725 fr.
478 663 538 745 313
570 661 757 741 Ξχύυοτύλιον
789 666 839 726 est
863 683 914 748 ap.
939 662 1028 730 Plut.
1053 663 1165 751 Symp.
1191 668 1223 730 4.

190 783 220 847 4.
246 784 281 863 2,
305 779 464 860 σ’ψοτύλιον
488 802 537 868 ap.
562 781 699 867 sequior.
723 781 777 845 Ad
800 782 935 846 formam
956 782 996 848 of.
1014 782 1222 869 Θεσμοφόρων,

189 902 352 987 Λευκίριον,
376 905 560 981 στρατήγιον,
585 903 666 987 alia,
691 925 774 991 quae
799 905 894 970 unioe
919 905 1087 991 probanda
1110 913 1197 971 sunt.

232 1026 489 1106 ἀρτοστροφεῖν
523 1045 659 1111 „panem
691 1024 801 1090 verto”
832 1025 952 1111 legitur
984 1025 1070 1112 apud
1093 1027 1221 1091 Aristo·

189 1147 329 1233 phanem
361 1147 395 1210 in
427 1146 463 1210 fr.
491 1147 564 1210 748.
600 1145 653 1210 Ad
686 1146 822 1211 formam
855 1146 895 1214 ef.
928 1149 1121 1230 ἡνιοστροφεῑν
1144 1147 1223 1215 Eur.

189 1267 314 1334 Phoen.
352 1268 392 1331 76
432 1271 466 1330 et
501 1287 568 1353 seq.
603 1267 817 1348 ἀοικοστροφεῑν
852 1266 974 1332 Aesoh.
1010 1269 1101 1334 Pers.
1140 1272 1223 1354 753,

189 1390 314 1453 similia.
355 1389 409 1453 De'
428 1388 621 1455 formatione
645 1389 685 1454 of.
709 1391 881 1472 ἀνριοτοιύς.
906 1429 949 1440 -
975 1391 1058 1456 Vide
1083 1392 1221 1479 praefat.

188 1512 205 1595 ἓ
229 1509 291 1592 3ζ.
316 1510 557 1575 eonferendum
581 1532 652 1576 esse
676 1512 752 1597 Lys.
778 1512 842 1577 839
866 1511 914 1575 σὸν
943 1512 1024 1590 ἔργον
1052 1512 1103 1588 ἤδη
1123 1519 1224 1583 τοῦτον
1267 1565 1272 1573 .

187 1634 282 1697 ὀττάν
324 1632 373 1695 κοιί
413 1632 556 1716 στρέφειν,
595 1632 651 1697 ubi
690 1633 829 1720 pessime
867 1632 980 1713 τρέπειν
1019 1633 1222 1721 rescripserit

188 1753 399 1840 Blaydesius‚
425 1774 476 1818 me
500 1753 655 1818 admonet
678 1752 931 1820 Herwerdenus.

231 1876 427 1957 ἀρύστιχοι
469 1874 596 1956 „calix”
636 1874 756 1961 legitur
794 1873 881 1961 apud
917 1873 975 1942 Ar.
1000 1875 1101 1962 Vesp.
1138 1877 1221 1943 855:

101 2054 104 2058 ,
187 1997 245 2074 ἐγὼ
276 1996 336 2074 νάρ
368 1991 448 2075 εἶχον
479 1993 580 2059 τούσδε
613 1995 679 2067 τοὺς
710 1995 886 2076 ἀρυστίχους
910 2001 944 2060 et
968 2017 1019 2082 ap.
1043 1996 1221 2084 Phrynieh.

189 2119 225 2184 fr.
251 2120 310 2183 40:
335 2116 429 2183 κύλικ’
454 2117 622 2198 ἀρύστιχοι.
646 2118 824 2183 Praeterea
847 2138 917 2182 voe.
941 2119 1108 2183 invenitur
1132 2119 1168 2184 O.
1192 2119 1238 2188 Ι.’

188 2240 251 2307 vol.
277 2242 307 2305 2.
332 2261 362 2326 p.
386 2241 447 2304 173
472 2261 504 2304 n.
530 2241 625 2305 2139.
653 2243 711 2323 193
735 2241 879 2328 pertinet
903 2240 943 2306 ed
966 2241 1062 2327 praef
1080 2246 1103 2305 t.
1127 2242 1220 2325 §3h

232 2359 836 2443 ἀρχκιομελισιύοινοφρυνιχἀρκτοι
867 2361 1063 2429 adieetivum
1095 2362 1135 2427 ad
1167 2363 1221 2441 μέ-

187 2501 223 2560 λκ
247 2485 385 2550 relatum
407 2483 527 2570 legitur
551 2481 637 2570 apud
661 2484 765 2548 solum
788 2483 1043 2572 Aristophanem
1066 2483 1101 2548 in
1117 2484 1220 2570 Vesp.

187 2630 217 2673 v.
250 2609 325 2672 220.
366 2645 402 2654 --
439 2606 487 2670 ef.
518 2605 653 2693 praefat.
685 2607 784 2690 §la
831 2605 1055 2692 Oompositum
1091 2611 1142 2670 est
1178 2627 1230 2670 ex>

187 2731 329 2812 ἀρχαῖος,
352 2726 438 2813 μέλι,
464 2727 576 2810 Σιύων,
589 2725 744 2807 Φρύνιχος,
771 2724 889 2806 έρνοτύς,
918 2721 990 2809 ,οἷον
1010 2727 1128 2806 ἀρχοοῑοι
1143 2727 1229 2803 μέλις

188 2849 328 2930 Φρυνίχου
359 2849 450 2930 ε’ροιτά
481 2847 531 2913 κνοί
557 2847 645 2928 ἡδέσι,
667 2847 798 2926 κοιύοίτερ
822 2848 891 2925 μέλι
914 2848 1089 2928 τεριέχοντοο
1111 2847 1144 2913 τί
1168 2858 1220 2924 τῆς

74 2939 77 2947 ⁴
188 2970 305 3042 εστιν.
329 2969 439 3046 νυμον
465 2953 618 3058 (σολον).
656 2968 703 3034 of.
727 2968 784 3034 nr.
809 2968 871 3033 λι.
898 2969 979 3036 rso:
1004 2969 1077 3033 κισ
1099 2970 1221 3049 σολεμν

187 3093 317 3170 μέλιττοι
347 3090 484 3172 Φρύνιχος
507 3091 674 3173 ἀμβροσίων
697 3091 810 3162 μελέων
832 3090 1018 3168 ἀπεβόσκετο
1042 3094 1151 3182 κυρτὸν
1174 3092 1220 3157 ἀεί

186 3216 280 3298 φέρων
313 3220 455 3291 χλυκεῖκν
488 3213 570 3296 ᾠδύν.
620 3212 790 3294 „Sidonios
822 3213 951 3300 saepius
983 3206 1222 3279 memoraverat

188 3336 393 3423 Phrynichus
417 3335 450 3399 in
474 3333 726 3398 Phoenissarum
752 3331 938 3419 tragoedia”
963 3331 1118 3421 (Diade).

233 3459 404 3539 ἀρύμκτοι
428 3456 502 3521 vide
527 3477 550 3520 s.
574 3477 605 3520 v.
630 3453 777 3534 σκορύδιον.

233 3577 399 3654 ἀσοολοομί
403 3600 469 3648 νιος
493 3574 580 3640 idem
603 3573 765 3661 signifieat
781 3573 867 3660 quod
884 3573 1113 3658 ἀύοολάττοντος,
1131 3575 1220 3661 quod

189 3699 280 3782 vide,
312 3697 432 3784 legitur
462 3703 572 3762 autem
603 3695 689 3783 apud
717 3695 885 3783 Aristoph.
911 3695 945 3759 in
969 3696 1054 3761 Ran.
1080 3718 1111 3763 v.
1136 3698 1220 3762 204:

188 3815 278 3911 κρίτοιΙ
290 3823 350 3888 τῶς
374 3816 529 3893 δυνήσομοιι
549 3816 744 3891 ἀσαλαμίνιος
765 3813 801 3878 ύιν
817 3809 870 3878 εἶτ’
887 3814 1035 3898 ε’λοιύνειν,
1053 3821 1103 3881 est
1121 3837 1222 3898 „non-

190 3936 418 4020 Salaminius”,
450 3943 483 4001 et
514 3937 589 4024 quia
621 3936 788 4002 Salaminii
816 3941 910 4001 erant
933 3942 1053 4003 nautae
1077 3938 1219 4024 egregii,

184 4058 359 4141 ‘„ineuetus
390 4055 516 4142 maris’',
547 4058 695 4138 ἀμέτοχος
722 4057 874 4131 ύκλάσσνς
899 4054 1049 4143 (schola.
1080 4055 1219 4142 Compo-

189 4182 287 4245 situm
323 4186 373 4246 est
404 4201 446 4245 ex
477 4204 497 4243 οι
527 4179 687 4267 privativo
719 4200 791 4243 oum
823 4178 953 4242 nomine
985 4178 1134 4265 proprio,
1167 4179 1220 4244 oui

190 4302 293 4370 simile
321 4302 507 4388 exemplum
531 4307 644 4368 extare
668 4322 734 4366 non
758 4299 895 4365 videtur.
921 4301 971 4366 De
995 4320 1030 4364 re
1055 4300 1094 4368 of.
1119 4299 1221 4366 etiam
