2836 4934
270 295 313 358 38
686 290 890 372 Ἀποιρυοτέον.

313 534 537 614 ἀπαρυστέον
573 534 636 599 adi.
671 534 802 600 verbale
837 536 928 601 verbi
961 536 1103 612 ἀπορρύτου
1136 535 1301 625 (propriez

273 655 484 739 „exhaurire”
509 655 627 722 deinde
647 655 855 739 „detrahero,
872 657 1057 746 minuere’')
1075 658 1196 745 legitur
1211 658 1302 724 Aris·

271 777 361 864 toph.
393 778 453 864 nq.
486 779 569 843 921:
601 777 783 858 ἀπαρυστέον
804 784 860 843 τῶν
883 779 1011 843 ἀπειλῶν
1035 779 1149 858 τοουτρθ.
1175 777 1301 845 Euboi:

269 898 451 978 ἀφαιρετέον.
483 898 630 964 Verbum
661 899 782 985 legitur
811 898 936 964 Herod.
969 903 1001 963 4.
1026 901 1056 963 2.
1082 900 1171 965 Plut.
1196 906 1302 986 tranq.

270 1040 322 1083 on.
349 1020 444 1083 IL—
469 1019 519 1084 of.
540 1020 676 1106 praefat.
699 1021 717 1104 ξ
743 1021 781 1084 11
800 1019 835 1098 β.

313 1136 551 1220 ἀποοοκοορθζον
574 1138 650 1204 vide
673 1139 715 1204 od
738 1160 808 1205 νου.
832 1139 1013 1222 ἀποβοοθθζω.

314 1259 555 1339 ἀπενρολθχνς
593 1281 731 1348 „expers
766 1261 847 1346 tori,
881 1261 903 1325 i.
939 1282 968 1327 e.
1000 1260 1152 1328 coelebs”
1182 1263 1304 1350 legitur

270 1381 358 1470 apud
380 1383 547 1470 Aristoph.
568 1383 603 1447 in
619 1384 750 1450 Thosm.
766 1407 797 1450 ν.
816 1386 894 1450 119:
913 1385 995 1462 νθνον
1010 1384 1169 1467 θλβθζουοοο
1183 1392 1304 1456 Λοποθο

267 1507 408 1585 Ἄρτεμιν
438 1506 627 1586 ἀπειρολεχῆ.
661 1506 708 1571 Of.
740 1506 938 1587 ἀπειρόγαμος
972 1507 1106 1594 (Eubul.
1139 1510 1170 1574 3.
1203 1507 1302 1597 222),

271 1626 452 1707 ἀπεορθτοκος
469 1626 594 1714 (Antip.
612 1626 680 1693 Sid.
701 1626 780 1715 lu).
805 1627 855 1692 De
872 1628 1107 1714 compositione
1123 1628 1198 1694 vide
1214 1628 1305 1705 βδελ-

276 1745 444 1831 λολάρννξ,
482 1744 611 1834 (ἀπενρος
642 1744 776 1835 λέχους).
808 1748 857 1814 Of.
890 1749 988 1814 etiam
1011 1746 1149 1830 ἀλεκτρος
1173 1750 1306 1837 (eodem

273 1867 423 1955 notione)
449 1867 548 1955 Soph.
573 1868 652 1933 Ant.
678 1870 753 1934 908.
778 1867 827 1933 ΕΙ.
852 1871 934 1947 950,
960 1900 1001 1924 =
1025 1867 1155 1949 ἀλέκτωρ
1178 1870 1302 1936 Athen.

274 1991 305 2054 3.
338 2011 369 2075 p.
402 1991 444 2053 98
461 1988 492 2053 b.
526 1987 685 2076 (Ἀθννά),
716 1995 750 2055 ot
773 1989 815 2054 od
837 1990 989 2056 formam:
1013 1992 1179 2071 κοονοοεχθς
1204 1991 1306 2079 Soph.

273 2111 324 2175 nl.
349 2112 401 2175 97.
427 2112 590 2191 μονολεχθο
613 2112 709 2195 Ρθυθ.
727 2110 767 2176 de
792 2110 843 2176 od.
868 2117 902 2175 et
925 2133 987 2203 om.
1005 2111 1100 2177 diser.
1117 2113 1170 2177 20.
1195 2113 1307 2179 Rufin.

275 2233 317 2297 25
343 2231 399 2320 (V.
424 2229 483 2328 9.).

319 2354 533 2432 ἀπερυθριᾶν
552 2352 804 2434 „dorubescere‚
820 2352 972 2418 ruborem
989 2352 1171 2440 deponere”
1187 2355 1309 2440 legitur

276 2474 362 2563 apud
394 2474 647 2561 Aristophanem
679 2474 765 2539 Nub.
800 2476 903 2542 1216:
927 2483 1055 2554 κρεῖττον
1080 2471 1112 2549 ἦν
1136 2476 1216 2548 εὐθὺς
1239 2477 1309 2541 τότε

274 2598 479 2675 ἀπερυθρνάοονν
511 2599 628 2671 ostio
660 2596 676 2669 t
707 2602 792 2675 σχεῖν
823 2598 1006 2676 πράγμοοτοο.
1039 2597 1098 2662 Est
1129 2599 1227 2664 etiam
1255 2622 1309 2688 ap.

277 2715 429 2782 Menand.
463 2719 493 2779 4.
527 2717 603 2779 294.
635 2714 787 2801 Apollod.
820 2719 850 2779 4.
883 2717 958 2780 454.
985 2716 1190 2782 Vocabulum
1215 2739 1233 2784 e
1257 2739 1310 2784 oo·

277 2837 405 2903 moedis
437 2837 575 2924 sumpsit
605 2837 740 2902 Luoian.
768 2838 841 2903 Iud.
866 2860 934 2903 voo.
959 2841 989 2903 8.
1014 2839 1063 2904 uf.
1086 2840 1188 2926 praef.
1213 2843 1230 2925 ξ
1258 2844 1307 2905 12.

279 2957 425 3044 Simplex
455 2959 578 3037 ἐρυθρνοῖν
611 2963 661 3021 ost
684 2978 735 3044 op.
761 2958 846 3024 Plat.
871 2958 1038 3045 Aristoph.
1064 2960 1234 3025 Demosth.
1259 2963 1309 3028 of.

280 3081 415 3168 praefat.
440 3082 457 3164 ξ
481 3081 511 3144 5.

323 3201 476 3266 ἀπεοθθω
504 3201 718 3284 „non-edere,
742 3204 784 3279 μθ
807 3202 928 3267 ἐσθίενν”
952 3203 1073 3289 legitur
1096 3204 1183 3291 opud
1203 3206 1311 3272 Theo·

279 3347 433 3413 pompum
468 3326 502 3390 in
536 3325 574 3389 fr.
612 3327 672 3409 62,
707 3348 735 3392 v.
771 3329 810 3391 3:
846 3325 905 3408 „rot
934 3334 1061 3404 πεπροοῖοο
1092 3333 1148 3392 τῶν
1178 3328 1312 3408 ἰχθυδίων

280 3442 418 3510 ἀπέοθιε”
443 3444 621 3510 seeundum
646 3445 725 3511 Ath.
753 3449 802 3510 14.
829 3447 892 3510 649
910 3446 940 3509 b.
967 3446 1116 3512 Eustoth.
1142 3450 1238 3532 1573,
1257 3451 1311 3515 27.

282 3567 330 3632 Oi.
362 3567 520 3640 ἀνθθομοο,
551 3567 723 3644 ἀπερυθριᾶν
754 3567 837 3650 (sino
868 3566 992 3654 pudore
1023 3570 1107 3653 esse)
1138 3570 1196 3634 Ar.
1224 3570 1311 3636 Nub.

283 3688 379 3750 1216.
410 3686 490 3751 Luo.
519 3686 591 3751 Iud.
623 3686 702 3752 Voo.
735 3690 764 3752 8.
789 3689 933 3753 Ἀπεοθθω
957 3695 1067 3754 autem
1092 3690 1190 3754 otium
1214 3692 1311 3757 aliam

282 3811 448 3875 notionem
471 3810 588 3884 habet,
614 3818 664 3876 est
687 3812 773 3876 enim
801 3812 943 3896 ᾖθεοοᾱο,
968 3814 1090 3878 erodo'’
1107 3836 1157 3901 ap.
1174 3815 1232 3879 Ar.
1249 3816 1312 3881 Av.

283 3932 336 3995 26.
360 3930 527 4017 Hermipp.
552 3930 589 3994 fr.
613 3932 667 3994 24.
692 3933 745 3996 52.
768 3933 863 3998 Dem.
888 3935 940 3997 25.
968 3935 1020 3999 61.
1045 3935 1195 4000 Pertinet
1212 3936 1313 4022 igitur

284 4050 324 4116 ad
348 4050 483 4137 praefat.
507 4052 525 4135 ξ
549 4050 618 4129 2β.

327 4172 555 4246 ἀπνοοοοοτθο
590 4173 664 4259 „qui
696 4179 746 4238 est
777 4174 952 4239 alienusa
984 4176 1112 4241 iudiciis
1144 4184 1177 4242 et
1200 4178 1313 4244 litibus

269 4315 368 4381 .quoe
398 4294 433 4358 in
463 4294 602 4360 Helieea
631 4293 814 4381 agitantur''
847 4317 897 4382 ap.
930 4297 1097 4385 Aristoph.
1129 4299 1163 4363 in
1195 4299 1259 4367 Αν.
1282 4323 1312 4366 ν.
