2836 4934
206 285 269 347 178
634 288 811 367 Κεκράκτης.

202 527 377 606 κεκραγότες
393 528 476 593 coni.
494 528 611 615 Blayd.
637 529 783 598 Similem
800 553 912 598 vocem
928 534 1095 615 κεκρκνμίς
1112 534 1239 602 Atticis

201 652 260 735 pro
283 653 395 730 κραυγή
420 650 533 715 tribuit
557 651 677 717 Moeris
700 674 732 739 p.
758 655 832 718 226.
857 653 907 719 ef.
931 653 1008 720 Eur.
1032 654 1060 722 Ι.
1077 654 1118 721 A.
1134 657 1239 724 1357.

201 769 289 834 Plut.
315 770 425 858 Symp.
450 774 481 837 3.
499 774 529 836 6.
547 773 585 856 4,
610 794 679 840 voc.
703 774 862 856 κεκράκτης
886 781 920 842 et
943 775 1171 857 κεκρκξιδάρεκς.
1197 818 1237 827 -

201 890 254 955 Dc
274 890 466 956 formatione
490 892 565 957 vide
588 893 823 975 βωμολίχενρικ.

245 1014 441 1094 κεκράκτης
468 1014 700 1092 „vociferator”
723 1017 844 1104 legitur
867 1019 925 1085 Ar.
943 1019 1001 1106 nq.
1019 1022 1091 1085 137:
1113 1018 1238 1105 άρπιιξ,

200 1135 375 1219 κεκράκτης,
400 1134 581 1216 Κυκλοβόρου
604 1138 701 1218 Φωνην
724 1138 810 1218 ἔχων.
837 1138 902 1228 (aul
919 1139 1044 1220 κράκτης
1061 1142 1114 1225 R„
1131 1142 1238 1222 κεκρά-

200 1284 251 1332 της
283 1256 342 1344 Α).
378 1257 583 1323 Vocabulum
620 1280 638 1322 e
673 1259 841 1325 comoedia
871 1261 1047 1348 sumpsisse
1079 1261 1238 1328 videntur

198 1378 286 1443 Plut.
319 1378 399 1443 Mor.
433 1377 540 1442 8040
572 1384 605 1442 et
637 1379 772 1444 Lucian.
805 1381 877 1468 Iup.
907 1387 988 1468 trag.
1014 1384 1068 1450 33.
1103 1423 1146 1432 ——
1184 1385 1236 1450 ef.

197 1502 332 1589 praefat.
364 1503 450 1585 §m
487 1503 640 1568 Ceterum
672 1503 747 1568 vide
779 1503 1004 1585 κεκρκξιδάμκς.
1041 1506 1091 1570 De
1114 1506 1237 1572 forma-

199 1626 287 1689 tione
319 1624 358 1688 of.
389 1623 561 1701 βιιβάκτης.
602 1624 641 1688 In
673 1624 732 1712 Eq.
765 1627 829 1690 304
861 1626 955 1691 codd.
987 1627 1235 1696 B.O.R.V.c)

198 1747 295 1811 etiam
331 1745 489 1826 κεκράκτης
525 1745 622 1823 dant,
660 1747 745 1814 scil:
781 1744 802 1812 ὦ
832 1749 919 1828 nsunt
950 1749 999 1814 κκί
1031 1750 1155 1828 βδελυρὲ
1182 1752 1235 1817 καί

197 1871 393 1954 κεκράκτκ,
426 1869 481 1934 ubi
512 1869 562 1933 κκί
592 1874 707 1950 κράκτκ
738 1871 901 1955 Meinek.,
924 1871 974 1936 κκὶ
999 1877 1236 1954 κκτκκεκράκτκ

197 1991 310 2057 Herm.
334 1990 446 2055 Dindf.
470 1988 585 2076 Blayd.

241 2109 509 2192 κεκραξιδάμας
543 2112 618 2198 „qui
648 2132 721 2176 cum
753 2110 893 2178 clamore
917 2112 1058 2201 aliquem
1082 2113 1233 2200 ‹lomat''‚

196 2236 317 2322 legitur
347 2234 404 2300 Ar.
430 2235 529 2322 Vesp.
563 2237 644 2300 596:
677 2235 763 2308 αὐτὸς
794 2235 823 2300 δὲ
852 2235 986 2302 Κλέωνά
1010 2235 1233 2316 κεκρκξιδιίμκς

196 2360 277 2432 ’μόνον
309 2359 387 2433 ἡμεῖς
419 2358 450 2422 οὐ
482 2357 658 2437 περιτρώγει.
692 2357 739 2422 (tf.
772 2356 931 2438 κεκράκτης
956 2381 980 2422 s.
1005 2381 1054 2438 v.‚
1083 2360 1233 2440 κρκγέτης

157 2460 160 2465 ’
196 2478 291 2544 Pind.
324 2479 364 2544 N.
389 2481 419 2543 3.
446 2481 497 2543 78.
529 2480 579 2544 De
603 2479 837 2567 compositione
861 2478 935 2545 vids
957 2480 1168 2561 attaminatio
1201 2483 1232 2569 (i

196 2604 235 2682 τῷ
258 2601 428 2680 κεκρκνένκι
452 2601 571 2684 δκρκῶν).
607 2601 759 2666 Ceterum
784 2601 823 2669 cf.
848 2601 1017 2682 κε’κρκρρικ.

239 2723 341 2795 κέλης
365 2721 421 2786 Ar.
447 2722 524 2807 Lys.
548 2743 578 2786 v.
604 2723 662 2787 60:
686 2722 756 2787 άλλ“
780 2723 886 2788 ἐκεῑνκί
908 2726 941 2801 γ’
968 2719 1020 2788 οἶδ’
1044 2721 1086 2788 ὅτι
1103 2723 1151 2788 ε’τί
1170 2731 1233 2789 τῶν

195 2847 322 2920 κελήτων
356 2843 553 2921 accercitum·
587 2841 685 2923 άρίρικι
722 2843 873 2929 ambiguo
909 2864 1007 2908 sensu
1040 2848 1231 2930 usurpatur.

194 2968 329 3055 Proprie
353 2967 439 3031 enim
463 2971 514 3031 est
540 2986 693 3053 „parvum
719 2966 916 3052 naviginm’'‚
955 2971 991 3031 ut
1015 2988 1067 3053 ap.
1091 2965 1172 3032 Her.
1199 2969 1230 3032 8.

195 3091 246 3154 94.
270 3088 372 3154 Thuc.
397 3090 426 3151 4.
452 3085 483 3171 9,’
507 3084 566 3170 al,
596 3086 673 3151 dein
697 3086 796 3152 etiam
822 3108 945 3175 „equus
969 3087 1087 3170 celer”‚
1113 3093 1149 3151 ut
1175 3110 1229 3176 ap.

194 3213 290 3277 Hom.
326 3208 386 3276 Od.
418 3209 448 3273 5.
482 3210 556 3272 371.
588 3209 672 3272 Plat.
705 3209 781 3295 Lys.
807 3211 871 3274 205
888 3231 915 3274 c.
947 3209 1035 3274 Plut.
1063 3208 1163 3274 Alex,
1189 3211 1230 3287 3,

194 3333 291 3415 alios,
324 3336 357 3394 et
379 3328 456 3393 inde
483 3328 672 3410 »Ἀφροδίτης
700 3325 832 3411 τρίτρς”,
856 3335 893 3393 ut
916 3328 1015 3394 etiam
1039 3328 1115 3392 Pac.
1141 3329 1230 3393 90οε

193 3451 238 3517 ίνκ
269 3451 301 3524 δη
329 3449 413 3525 κέλης
436 3447 548 3522 κε’λητκ
571 3455 797 3531 τκρκκελητιεί,
822 3448 914 3513 cuius
937 3447 1085 3514 meminit
1107 3446 1229 3514 Horat.

194 3575 297 3640 Serm.
330 3576 360 3637 2.
394 3574 423 3636 7.
455 3574 496 3634 49
532 3571 657 3636 verbis:
703 3571 846 3656 „agitare
882 3590 1002 3657 equum
1038 3569 1230 3656 supinnm”.

193 3693 342 3762 Verbum
363 3691 563 3772 κελητίζειν
588 3691 628 3756 de
653 3691 769 3757 eodem
785 3691 950 3756 schemate
967 3689 1130 3755 obscoeno
1148 3687 1232 3776 legi·

194 3820 246 3879 tur
276 3815 374 3901 Vesp.
407 3814 469 3877 501
502 3817 535 3876 et
567 3813 695 3877 Thesm.
724 3814 802 3879 153:
834 3814 931 3878 οὐκοῦν
954 3810 1132 3901 κελητίζεις,
1157 3808 1233 3878 ίτκν

193 3933 319 4019 Φκίδρκν
350 3947 449 4021 ττιης;
481 3942 514 4001 et
538 3908 836 4016 τκρκκελητίζειν
859 3935 893 3999 in
917 3934 993 3999 Pac.
1018 3954 1048 4000 v.
1077 3933 1143 3997 900
1172 3933 1231 4023 (cf.

193 4055 319 4146 supra),
343 4056 429 4145 quod
453 4056 582 4145 proprie
602 4059 673 4121 est:
701 4057 824 4137 „celete
849 4076 933 4143 equo
957 4055 1054 4122 alicui
1077 4076 1097 4120 a
1119 4054 1233 4124 latere

192 4180 323 4269 cquito’'
350 4180 409 4268 (H.
434 4178 572 4267 stophe.
596 4215 639 4227 —-
662 4178 747 4244 Vide
771 4177 906 4266 praefat.
933 4178 951 4260 ξ
975 4177 1003 4240 4.

236 4300 435 4383 κελητίζειν
460 4300 534 4367 vide
558 4300 598 4365 ad
623 4322 692 4369 voc.
717 4300 812 4376 κέλης.
913 4327 914 4330 ’
