2836 4934
253 283 295 346 52
676 283 856 360 Ἀοσμάτνοκ

251 530 419 608 άσκάματα
449 531 499 596 καί
531 532 598 595 λίνα
627 531 676 595 καί
704 531 814 597 πίτταν
838 530 1009 609 διαπέμπων
1033 532 1072 605 είς
1096 531 1283 611 Ἐπίδαυρον,

252 650 375 737 tropice
407 656 582 738 usurpatur
612 650 695 716 Ach.
728 652 787 748 ill:
819 651 935 729 ἄσκωμ’
967 652 1047 733 ἔχεις
1070 653 1134 735 περὶ
1158 653 1206 719 τάν
1229 656 1284 739 ίφ·

251 769 372 849 ίαλμάν.
403 773 495 837 Alias
527 772 661 859 signifio.
693 772 779 859 apud
803 773 884 838 alios
907 773 1017 840 habet.
1043 775 1092 841 De
1116 775 1219 842 forms
1242 775 1282 840 ei.

252 892 488 975 βωμολίχενμα.

296 1017 476 1099 ᾀσμάτοον
510 1013 755 1098 „contiuncula”
788 1015 907 1102 legitur
938 1017 1025 1103 apud
1053 1018 1225 1084 Platonem
1248 1019 1284 1083 in

251 1136 289 1200 fr.
325 1138 400 1203 235.
436 1136 682 1202 Deminutivum
714 1142 764 1202 est
797 1138 907 1203 vocab.
939 1135 1043 1222 ᾀσμα,
1079 1140 1165 1227 quod
1196 1140 1283 1227 apud

251 1257 334 1322 Plst.
365 1258 399 1321 in
430 1257 544 1322 eodem
575 1257 757 1344 fragmento
787 1258 971 1344 invenitur,
1005 1265 1038 1324 et
1072 1260 1197 1346 vulgari
1221 1282 1284 1325 usu

251 1379 364 1444 tritum
388 1385 447 1444 est.
474 1416 514 1426 -
539 1377 586 1444 Of.
609 1379 711 1465 praef.
735 1381 752 1464 ξ
774 1382 803 1445 7.
821 1378 944 1445 Elodem
960 1381 1031 1446 loeo
1048 1382 1188 1447 comicus
1205 1404 1284 1447 usus

251 1506 302 1567 cst
332 1500 489 1566 vocabulo
519 1499 653 1585 ᾀσμίς,
677 1498 764 1566 idem
788 1507 838 1565 est
862 1501 948 1588 quod
971 1499 1068 1586 ᾀσμα.
1093 1502 1144 1568 De
1167 1502 1284 1567 forma-

252 1624 341 1688 tione
365 1622 403 1688 cf.
425 1621 617 1700 άδωνοασμάς.

295 1742 618 1827 ᾀσματοκάμπτκς
651 1747 701 1808 cst
735 1742 782 1824 „is
815 1743 870 1831 qui
897 1743 1029 1822 κάμπτει
1053 1742 1118 1809 τονάο
1140 1742 1284 1821 καμπίον”

252 1865 291 1931 cf.
327 1865 413 1931 Nub.
449 1867 531 1950 970,
567 1886 646 1952 quas
681 1865 806 1943 καμπάς
843 1865 956 1931 Cicero
992 1865 1070 1931 dicit
1105 1866 1285 1948 „flexiones

253 1983 439 2052 modorum'’
472 1986 587 2072 (Legg.
622 1988 651 2049 2.
684 1983 754 2073 39).
780 1985 826 2051 Oi.
851 1984 1056 2051 Pherecratis
1082 1985 1284 2069 1,ἐξαρμονίους

252 2109 377 2186 καμπάς
409 2104 516 2171 ποιείν”
548 2107 651 2191 (145).
682 2105 742 2171 nst
772 2107 872 2193 igitur
903 2108 930 2172 is
965 2109 1040 2196 „qui
1069 2109 1226 2175 musicam
1250 2114 1285 2174 et

253 2229 395 2294 carmina
418 2228 517 2292 nimio
542 2228 719 2293 flexionum
742 2249 803 2293 usu
818 2226 1002 2311 δοκφίείρεά.
1021 2267 1061 2277 -
1080 2227 1128 2297 Ol.
1145 2228 1284 2315 praeiet.

252 2352 270 2435 ὅ
296 2354 361 2428 ly.
394 2350 531 2435 Legitur
562 2349 647 2436 apud
678 2349 846 2437 Aristoph.
877 2350 961 2416 Nub.
995 2373 1023 2416 v.
1052 2353 1136 2418 333:
1160 2347 1285 2415 κυκλίων

253 2497 286 2538 τε
308 2477 400 2553 χορῶν
424 2471 709 2554 ᾀσματοκάμπτας,
733 2468 838 2552 ἄνδρας
861 2472 1130 2554 μετεωροφένακας.
1152 2471 1200 2538 Oi
1216 2496 1285 2551 σαο-

252 2591 574 2671 κασμοπνπνσκάμπτκο
589 2593 673 2660 Ran.
687 2594 763 2677 966,
775 2592 977 2672 ίωνοκάμππκς
991 2593 1133 2660 Timoth.
1147 2593 1282 2659 Anthol.

253 2717 290 2781 fr.
318 2718 355 2780 11
382 2713 502 2801 Bergk.
527 2715 578 2779 De
601 2714 834 2801 compositione
858 2715 899 2780 cf.
924 2716 1094 2796 άνμοποοίς.

298 2833 411 2921 ᾀσμίς
434 2834 509 2899 vide
532 2833 573 2898 ad
597 2855 666 2900 voe.
690 2832 844 2918 ᾀσμάτοον.

298 2955 577 3033 testimoniis
606 2956 679 3043 „qui
703 2957 852 3044 clypeum
877 2954 1005 3040 abicit’'‚
1029 2956 1050 3021 i.
1069 2978 1099 3045 q.
1123 2957 1283 3040 ῥίψασπις,

255 3081 292 3146 ei.
315 3079 530 3158 άτοβοκομαίος
555 3084 610 3143 τῶν
633 3074 728 3143 ίτκων
752 3079 840 3163 (Pac.
862 3079 955 3163 678),
979 3078 1099 3165 legitur
1115 3077 1284 3164 Aristoph.

255 3203 355 3289 Vesp.
387 3223 414 3266 v.
447 3201 529 3265 592:
557 3199 692 3277 άμίγοος
716 3195 796 3270 οὗτος
819 3196 1020 3277 κολακάννμος
1043 3196 1284 3276 άσποδαποβλῆς.

257 3320 459 3387 Vocabulum
484 3324 533 3384 est
558 3319 678 3384 comice
702 3318 824 3386 lictum.
852 3318 899 3384 Of.
916 3318 1015 3396 άβκάς
1031 3321 1064 3404 (s
1080 3319 1180 3408 stirpe
1197 3318 1284 3405 βάκ),

256 3442 371 3521 ἦμοίνάς
405 3439 501 3529 (ton),
530 3439 729 3522 κεραννοπλάξ
752 3439 878 3530 (nunu),
903 3440 1030 3522 άμεβράς
1055 3438 1161 3529 (lips),
1185 3440 1286 3518 ἕποτίξ

258 3566 332 3648 (τεκ)
364 3565 491 3651 alioque
513 3565 661 3651 plurima.
694 3564 744 3628 De
768 3563 871 3629 forma
894 3564 932 3628 cf.
956 3564 997 3628 ad
1021 3584 1091 3631 voc.
1116 3563 1285 3645 άνροοποοίς.

255 3685 412 3763 Ῥίψασπκ
436 3683 556 3770 legitur
578 3683 636 3749 Ar.
660 3684 744 3749 Nub.
769 3686 845 3749 353.
870 3685 946 3750 Pac.
968 3686 1061 3749 1186.
1078 3685 1163 3750 Plat.
1180 3685 1284 3772 Legg.

258 3805 309 3868 12.
341 3803 405 3869 944
422 3803 452 3867 b.
486 3804 572 3869 Plut.
604 3805 718 3891 Pelop.
752 3807 790 3888 2,
814 3809 897 3887 ῥίψαι
921 3808 972 3881 τὴν
994 3807 1107 3873 άσπίδα
1131 3831 1182 3896 ap.
1206 3808 1285 3894 Lys.

256 3925 297 3990 X.
317 3928 375 4010 19,
391 3924 632 4003 άποβεβλκκίναί
650 3929 701 4000 πίον
716 3928 829 3993 άσπίδα
846 3930 923 3995 ibid.
946 3933 995 3996 12.
1013 3930 1165 3997 Aeschin.
1186 3936 1212 3997 l.
1229 3934 1285 4001 29.

301 4041 542 4125 άσπλαμχνος
576 4048 782 4129 ησπλάνχνων
808 4047 942 4139 ἄμοιρος,
967 4055 1022 4140 qui
1046 4055 1136 4120 nulla
1158 4057 1287 4143 accepit

256 4163 713 4251 σπλάγχνα”,άπλάκονντος
727 4171 896 4258 „placenta
905 4173 1050 4260 carens'’‚
1060 4172 1286 4252 άλνβάνωτος

261 4288 331 4370 „cui
362 4295 415 4353 tus
446 4311 617 4356 accensum
645 4313 710 4357 non
734 4292 802 4358 est’
825 4294 980 4381 leguntur
1003 4295 1089 4382 apud
1112 4297 1287 4364 Platonem
