2836 4934
191 296 256 359 352
627 294 785 377 Χρωτίδιον.

211 516 420 620 Ιχροιτύδιον
456 539 640 626 „cuticula”
678 540 800 605 Oratin.
835 540 873 604 fr.
898 539 980 622 302,
1016 560 1046 605 v.
1071 540 1098 601 l:
1133 539 1170 610 ὡς
1195 536 1226 602 a

189 660 326 735 μαλακὸν
348 660 398 725 καὶ
421 661 499 739 τέρεν
521 663 555 727 τὸ
577 661 724 743 χροιτύδιον
747 656 790 739 ἦν,
806 656 827 725 ὦ
844 661 907 725 troi.
925 698 966 707 —
984 658 1069 725 Vide
1085 659 1225 746 praefat.

190 781 207 864 ξ
232 781 261 844 7.
296 778 502 847 Vocabulum
526 783 670 871 pertinet
693 783 734 848 ad
760 781 962 848 deminutiva
985 780 1116 847 blanda.

233 902 378 985 χυμίζυ
410 905 655 986 „succulentum
678 904 803 990 faeere,
828 902 1031 990 temperare”
1054 901 1227 988 metapho-

189 1022 255 1088 rieo
278 1030 454 1111 usurpatur
478 1025 783 1092 Ar.'l¹hesm.162:
808 1025 946 1105 ἁρμονίαν
961 1023 1106 1106 χυμίζειν.
1135 1025 1227 1107 „Me-

189 1143 327 1230 taphora
357 1151 487 1232 sumpta
519 1152 569 1212 est
599 1168 619 1212 a
646 1147 776 1234 ooqnie,
801 1146 856 1234 qui
881 1150 1066 1232 temperant
1090 1165 1226 1232 sapores

189 1265 349 1350 ciborum,
372 1268 438 1339 τοὺς
461 1267 598 1348 χυμούς”
622 1269 769 1354 (Bergl.).
794 1267 936 1355 Hesyeh.
954 1266 1120 1348 ἐχύμισαν·
1139 1266 1227 1348 ἤρτυ·

189 1413 254 1452 σαν.
280 1387 387 1456 Suid.:
412 1388 564 1471 χυμίζειν·
590 1389 725 1483 ἔχχυμον
749 1396 848 1459 ποιεῖν.
885 1389 995 1454 Subat.
1019 1389 1117 1469 χυμός
1137 1390 1226 1474 (sue-

190 1512 260 1594 oua)
283 1510 450 1576 invenitur
474 1511 573 1598 Soph.
598 1512 636 1576 fr.
655 1513 728 1577 162.
764 1512 849 1577 Plat.
874 1512 958 1577 Tim.
980 1513 1022 1578 59
1039 1533 1075 1596 e;
1100 1511 1226 1598 (sapor)

192 1632 328 1697 Aristot.
353 1630 395 1697 de
419 1633 516 1698 anim.
542 1635 571 1704 3.
598 1635 628 1698 2.
653 1633 694 1699 de
718 1655 802 1699 aens.
832 1637 846 1698 l
872 1639 953 1716 eto,
978 1633 1097 1698 demin.
1115 1633 1226 1713 χυμίον

191 1755 330 1821 Sotades
362 1758 392 1822 3.
418 1756 493 1820 585.
530 1754 630 1820 Verb.
666 1760 782 1836 χυμοῦν
818 1751 982 1842 (saporem
1014 1751 1139 1840 excito)
1174 1760 1226 1820 est

188 1876 274 1964 apud
298 1877 445 1942 seriores.
470 1876 520 1942 De
544 1876 739 1942 formatione
764 1876 855 1942 verbi
871 1874 987 1957 χυμύζυ
1004 1875 1044 1943 ef.
1062 1897 1087 1940 s.
1100 1896 1130 1940 v.
1147 1875 1225 1957 βαρ-

187 1997 318 2080 βιτύζειν.
344 2035 384 2046 -
408 1996 495 2064 Vide
518 1998 653 2085 praefat.
677 2001 695 2084 ξ
719 2001 739 2063 2
763 2023 784 2062 ιι
803 2001 831 2062 1.

233 2119 364 2200 χύτραι
399 2119 508 2201 „loeus
539 2118 595 2184 ubi
619 2123 763 2185 veneunt
787 2117 892 2183 ollae'’
915 2118 1037 2205 legitur
1060 2116 1117 2182 Ar.
1142 2117 1224 2204 Lyn.

191 2243 272 2307 557:
304 2247 352 2307 νῦν
379 2242 433 2319 μὲν
463 2242 523 2323 χοὶρ
550 2240 584 2316 δὴ
614 2244 668 2306 αιἰν
700 2249 780 2307 ταῑαι
808 2241 933 2322 χύτραις
956 2241 1012 2305 καὶν
1034 2245 1093 2313 τοῖς
1117 2241 1227 2321 λαχού-

189 2386 271 2427 νοιαιν
293 2362 393 2439 ὁμοίως
418 2362 625 2444 περιέρχονται.
651 2401 695 2410 -
719 2361 767 2428 Of.
793 2361 929 2451 praefat.
953 2365 970 2447 ξ
995 2364 1063 2449 3χ.
1087 2360 1224 2428 Adieot.

190 2481 351 2564 χύτρειος
386 2481 446 2564 „ad
478 2483 558 2548 ollas
589 2482 754 2548 attinens”
785 2484 907 2570 legitur
938 2483 1015 2570 Lyn.
1050 2485 1132 2548 329:
1171 2484 1223 2548 ὑπ’

189 2600 279 2684 ὄχλου
308 2602 358 2668 καὶ
389 2603 506 2685 ύορύβου
536 2603 585 2669 καὶ
618 2604 759 2682 πατύχου
781 2604 927 2685 χυτρείου.
952 2605 1003 2670 De
1027 2605 1227 2673 formatione

188 2724 263 2790 vido
292 2723 394 2802 βόειον.
427 2725 556 2791 Adieot.
580 2730 752 2806 χυτρεοῦν
779 2726 924 2810 „fictilia
958 2727 1147 2792 testaceus'’
1174 2733 1227 2793 eat

188 2844 355 2933 Aristoph.
390 2846 476 2911 Nub.
515 2848 618 2911 1474:
653 2845 701 2912 ύπε
735 2847 784 2911 καὶ
818 2845 853 2912 οὲ
886 2853 1025 2929 χυτρεοῦν
1059 2847 1129 2912 ὄντα
1163 2848 1224 2914 ύεόν

188 2969 346 3046 ν’γιρούραιρν
380 2973 414 3033 et
448 2969 484 3032 fr.
516 2970 590 3034 472.
627 2968 677 3034 De
708 2969 780 3033 loco
811 2969 898 3034 Nub.
931 2969 1006 3036 vide
1037 2970 1155 3058 Blayd.
1187 2972 1223 3036 in

189 3089 394 3155 annotarit.

231 3209 397 3291 χύτρειοα
420 3209 495 3276 vide
519 3232 544 3276 e.
569 3233 599 3276 v.
624 3209 743 3293 χύτραι.

231 3336 402 3412 χυτρεοῦν
426 3331 500 3398 vide
525 3353 549 3396 a.
573 3353 603 3397 v.
627 3332 748 3413 χύτραι.

230 3453 427 3533 χωλοποιύς
453 3484 493 3507 =
515 3451 666 3535 „claudos
689 3452 848 3518 inducens
871 3453 906 3516 in
930 3452 1078 3519 scenam”
1094 3456 1219 3542 legitur

187 3573 244 3639 Ar.
268 3576 352 3640 Ran.
378 3577 460 3640 846:
485 3577 515 3639 ού
539 3574 613 3650 δῆτα
637 3575 702 3655 πρίν
725 3577 757 3653 χ’
782 3573 819 3640 tv
839 3581 939 3641 τοῦτον
954 3576 1097 3659 ἀποφήνω
1113 3584 1221 3660 σαφῶς

186 3696 234 3760 τὸν
265 3697 425 3776 χωλοποιὸν
455 3692 508 3769 οἶος
538 3695 575 3761 ύιν
605 3693 786 3776 ύραυύνεται.
819 3696 867 3763 Of.
890 3698 1069 3779 ύχριοποιύς,
1094 3699 1152 3764 ubi
1177 3699 1218 3766 de

187 3818 440 3905 compositione,
465 3823 498 3883 et
522 3817 704 3901 πτυχαποιύς
729 3840 754 3883 s.
779 3841 830 3885 vv.

582 4157 826 4169 *ψ-
