2836 4934
537 307 853 388 Στρεφοόικοπανουργό
878 358 884 372 .
1162 308 1223 381 301

194 548 320 614 Sobel:
345 549 410 615 όντὶ
434 555 484 616 τοῦ
500 551 626 633 στρέψαι
641 552 698 624 τόις
714 551 806 624 δίκας.
832 551 1135 638 Deeompositione
1153 552 1227 618 vide

191 668 444 750 βορβοροτάραξις.
481 670 564 736 Inde
588 670 1004 751 στρεψοδικοπανουργόα
1026 672 1147 758 legitur
1162 673 1226 739 Av.

195 791 280 854 1468
306 822 346 846 =
375 790 555 879 „calliditas
578 793 613 857 in
637 791 855 880 pervertendo
878 793 989 859 iure'':
1021 795 1124 872 πικρόιν
1149 794 1226 876 πόχ’

190 909 255 992 όψει
280 913 634 994 στρεψοδικοπανουργίαν.
661 914 813 980 —Vide
836 915 963 1002 praefat
995 917 1096 999 ξῙγ.

237 1033 654 1116 στρεφοδικοπανουργόα
677 1034 752 1101 vide
777 1035 818 1101 ad
842 1057 911 1102 voe.
939 1036 1145 1116 στρεψοδικεόν.

178 1209 181 1213 .
237 1158 475 1239 στρηνόφωνος
514 1158 589 1245 „qui
625 1164 675 1224 est
709 1178 825 1245 aspera
855 1157 957 1224 vooe''
988 1157 1109 1244 legitur
1129 1157 1226 1246 apud

192 1273 329 1341 Calliam
345 1276 379 1340 in
392 1277 428 1341 fr.
444 1279 496 1341 30.
512 1276 587 1342 Adi.
600 1278 720 1359 στρηνης
733 1278 802 1342 sive
814 1277 929 1359 στρηνός
942 1276 993 1360 (ef.
1007 1279 1228 1362 stren-uus)

192 1401 244 1458 est
268 1396 330 1483 Ap.
356 1396 464 1466 Rhod.
490 1400 521 1463 2.
546 1399 621 1464 323.
646 1397 759 1485 Antip.
785 1397 931 1464 Thessal.
958 1399 999 1471 69
1025 1396 1118 1486 (VII.
1144 1397 1226 1485 287)

193 1522 228 1580 et
251 1517 292 1581 al.
318 1518 448 1602 sarion,
472 1518 562 1584 verb.
586 1519 728 1600 στρηνύζω
754 1517 812 1606 (de
835 1539 915 1584 vooe
939 1518 1119 1606 elephant.)
1143 1518 1226 1583 Poll.

191 1639 224 1700 5.
249 1640 302 1702 88.
326 1638 380 1704 Ad
404 1639 557 1706 formam:
581 1639 792 1722 μεγαλόφωνος
816 1641 897 1708 Luo.
921 1640 1020 1707 Mero.
1046 1639 1140 1706 cond.
1165 1642 1227 1720 23,

189 1763 226 1822 et
268 1759 308 1824 al.
348 1781 433 1848 seq.,
476 1761 652 1846 μικρόφωνος
695 1762 811 1828 Alexis
850 1764 881 1827 3.
921 1765 996 1828 396.
1036 1762 1224 1848 Plutarch„

187 1880 407 1964 λαμπρόφωνος
430 1882 656 1968 Demosthon.‚
680 1882 864 1967 Plutarch„
887 1884 1065 1967 ἰσχνόφωνος
1091 1883 1228 1963 Heron,

189 2003 396 2090 Hippocrat,
420 2004 598 2090 Plutarch,
623 2004 687 2070 alia
709 2004 822 2070 multa.
850 2004 902 2069 De
925 2004 1161 2091 compositione
1186 2004 1225 2068 of.

191 2146 218 2188 s.
235 2146 267 2190 v.
290 2124 467 2203 βαόόκομος.

228 2244 484 2325 στριβιλικίγξ
503 2245 717 2330 „tantillnm'’,
728 2248 834 2312 subst.
847 2247 1096 2331 indeclinabile,
1108 2247 1229 2333 legitur

192 2369 252 2434 Ar.
285 2367 369 2437 Aah.
404 2370 508 2433 1035:
540 2367 720 2447 σταλαγμόν
744 2369 851 2449 εἰρήνης
874 2366 924 2433 ἕνα
948 2364 1143 2447 ἐνστάλαξον·
1168 2365 1226 2432 ott’

190 2490 230 2556 όιν
254 2489 461 2572 στριβιλικίγξ.
487 2490 541 2556 Sic
561 2490 654 2556 eodd.
671 2491 713 2557 A.
730 2492 769 2556 Β.
786 2489 841 2576 O„
857 2488 1027 2572 στριβικόγξ
1036 2491 1081 2571 R.
1099 2489 1224 2556 Schol.:

189 2610 279 2694 ῥανός.
303 2611 420 2693 στρόβος
444 2611 474 2675 δὲ
497 2619 634 2678 καλεῖται
658 2615 674 2689 η
698 2613 795 2687 λεπτη
817 2609 868 2676 καὶ
891 2609 970 2688 όξεῖα
993 2611 1060 2688 βοή.
1076 2609 1179 2688 λίκιγξ
1196 2609 1225 2674 δὲ

190 2735 209 2809 i
232 2734 381 2814 ἐλαχίστη
404 2733 460 2811 βοη
483 2738 534 2799 τοῦ
556 2733 655 2813 ὀρνέου.
679 2733 782 2799 Porro
807 2731 881 2798 vide
905 2753 929 2797 s.
947 2753 979 2802 v.
1002 2734 1099 2807 στίλη.
1117 2760 1161 2781 -·-
1177 2731 1224 2798 ef.

191 2857 329 2945 praefat.
352 2859 370 2941 ξ
398 2859 412 2921 l
431 2880 464 2935 γ.

237 2976 580 3059 στρογγυλοναύτης
607 2976 690 3062 „qui
721 2975 837 3062 gaulo,
869 2995 974 3061 paene
1007 2974 1148 3040 rotundo
1172 2996 1227 3039 na·

192 3101 272 3186 vigii
295 3121 431 3185 genere,
455 3098 605 3166 vehitur”
623 3096 759 3187 (Koek.)
775 3098 895 3182 legitur
912 3096 1077 3185 Aristoph.
1095 3097 1131 3161 fr.
1150 3099 1226 3163 861.

194 3223 242 3289 cf.
267 3222 442 3302 στρογγύλα
466 3228 556 3286 πλοῖα
580 3219 682 3285 Thuo.
708 3222 739 3283 2.
765 3221 817 3285 et.
843 3219 929 3283 Xan.
954 3217 1040 3282 Hell.
1066 3219 1096 3280 5.
1124 3219 1226 3284 1.18.

196 3343 246 3408 De
270 3343 520 3431 compositione:
544 3339 804 3421 ἀβελτεροκόκκυξ.
829 3378 873 3390 -
897 3339 982 3404 Vide
998 3340 1101 3427 praef.
1125 3341 1227 3423 ξΙγ.
1307 3384 1310 3389 >

241 3463 596 3543 στρογγυλόπλενρος
628 3461 706 3549 „qui
735 3460 893 3526 lateribus
917 3466 966 3525 est
990 3459 1159 3536 rotundis'’
1186 3459 1227 3526 de

199 3585 349 3672 anguillis
379 3584 507 3673 paludis
535 3583 688 3669 Gopaldis
713 3583 834 3648 eomiee
858 3580 1008 3646 adhibuit
1032 3580 1165 3646 Strattis
1189 3582 1227 3647 fr.

199 3709 258 3772 44:
282 3707 427 3792 Κωπᾴδων
450 3709 575 3773 ἁπαλῶν
598 3706 722 3786 τεμόχη
746 3703 1051 3786 στρογγυλοπλεύρων.
1075 3703 1126 3768 De
1143 3725 1228 3768 eom·

198 3831 360 3918 positione
384 3832 423 3896 of.
449 3853 472 3896 s.
497 3852 526 3897 v.
549 3830 726 3907 βαόόκομος.

209 3970 213 3974 “
241 3951 409 4035 στρόφιον
443 3974 545 4036 „zona
575 3947 761 4018 muliebris''
793 3949 913 4035 legitur
946 3948 1002 4013 Ar.
1035 3949 1111 4034 Lys.
1144 3950 1226 4032 931,

201 4075 328 4141 Thesm.
359 4077 430 4142 139.
456 4077 530 4140 251.
557 4076 630 4139 255.
656 4076 738 4156 638,
763 4072 800 4137 fr.
826 4072 890 4135 320
915 4093 945 4135 v..
970 4071 1008 4155 4,
1042 4069 1080 4137 fr.
1106 4071 1169 4135 647
1195 4076 1228 4134 et

200 4198 385 4263 Pherecrat.
421 4196 459 4265 fr.
496 4197 576 4260 100:
612 4196 719 4275 μίτραν
752 4194 898 4276 οἱλουργῆ,
942 4192 1093 4276 στρόφιον,
1128 4192 1228 4257 κτένα.

198 4317 282 4385 Poll.
313 4320 341 4382 7.
376 4320 435 4382 67:
471 4319 503 4380 τό
538 4315 633 4392 μέντοι
670 4323 831 4394 γυναικεῖον
866 4315 956 4395 ζώνιον
984 4312 1070 4383 οὕτως
1096 4312 1226 4380 ἕκόλονν.
