2836 4934
538 304 795 353 PRAEFATIO.
1094 309 1185 358 XXIII

148 528 408 615 βορβοριτκροιξις,
447 530 639 616 ε’ρεβοδιφῖιν,
680 532 911 614 σπονδοιρχῶκς,
947 535 1185 616 σννωρικεύοριοιι,

150 651 245 738 ἔχων,
269 652 506 739 δοιδεκοέκροννος,
530 657 715 740 κοιτοιτιλιῖν,
732 655 968 742 κλεπτίστοιτος,
984 656 1184 741 ἷοιτσοιτοιιοέξ,

150 778 267 861 λοφῖιν,
312 774 562 861 καταπυγοσύνη,
610 777 774 861 λνκοῖσθοιι,
818 775 945 856 πόσθων,
988 778 1186 860 περίτριμμοι,

150 897 327 979 κρουστικός,
346 895 526 981 κεκράκτης,
541 903 751 983 λεπτολογεῖν,
768 897 967 982 λεπτολδγις,
983 899 1184 984 λεπτολονίοι,

149 1017 374 1101 venaretur,
399 1017 587 1101 Φρόντισριοι,
611 1017 841 1098 φροντιστήριον,
867 1017 1083 1104 σχινδοὶλιιμοι,
1103 1019 1187 1099 ὑπερ-

151 1136 305 1223 amardo,
336 1135 515 1219 lupicellus,
551 1136 651 1222 ἕλοιΐς,
681 1138 779 1222 σνκίς,
803 1145 1010 1226 enarratam,
1034 1139 1181 1225 darriaco,

151 1259 292 1344 χορδεύιι,
323 1260 571 1347 renouauerat,
603 1258 747 1338 ἐπιβννῶ,
770 1259 897 1344 εἰσέρρω,
922 1261 1109 1348 πιόνκισριδς,
1133 1264 1185 1340 ἐν·

150 1380 274 1466 salaro,
305 1381 448 1468 ἕνκνλίο,
472 1382 632 1462 τρίπολον,
656 1380 845 1477 στώμνλριοι,
866 1380 1009 1467 γάστρις,
1032 1380 1184 1465 γάστρων,

150 1504 324 1589 excavata,
363 1504 546 1582 στωμύλλον,
589 1503 785 1588 ποτίστοιτος,
820 1504 956 1588 πρίνινος,
991 1503 1184 1587 κοιτοικρώζω,

151 1625 352 1708 πτοιχοποιός,
392 1623 573 1707 στοςιΦοὲζω,
613 1624 827 1709 κοιλιοδοιίςιοιν,
867 1625 1077 1710 διοισπλεκοῦν,
1122 1627 1186 1693 alia

151 1746 297 1813 fortasse.

196 1868 347 1957 Denique
371 1890 411 1936 ea
433 1867 542 1956 recepi
558 1847 734 1952 voeabula,
751 1889 835 1956 quae
850 1874 1079 1957 praeterquam
1097 1869 1186 1958 apud

73 2016 75 2021 ·
153 1989 293 2055 comicos
327 1967 427 2055 etiam
458 1990 497 2054 in
526 1989 860 2078 inscriptionibus
889 1991 1058 2076 leguntur,
1099 1992 1186 2056 scil:

153 2112 312 2193 οροστιχος
336 2111 370 2177 o.
393 2112 420 2177 1.
445 2113 509 2177 vol.
526 2089 564 2175 'a
590 2134 620 2198 p.
648 2113 709 2175 173
735 2133 766 2176 n.
792 2113 890 2177 2139.
914 2114 972 2188 ro,
989 2112 1187 2191 οπιεσιρις

153 2229 299 2298 Boeckh.
330 2231 432 2297 Inscr.
465 2231 520 2297 (ir.
549 2252 581 2295 n.
608 2233 660 2296 89.
685 2233 746 2313 22,
777 2228 910 2311 ἔχθοιβος
940 2230 976 2296 O.
1000 2232 1027 2296 I.
1051 2232 1078 2296 Ι.
1107 2234 1186 2317 150,

155 2355 215 2433 50,
239 2376 271 2442 p.
297 2355 379 2431 237,
404 2355 570 2437 ἀρρνφοριῑν
592 2353 693 2420 Insor.
719 2351 789 2418 Att.
815 2375 865 2440 ap.
890 2352 1034 2419 Boeclrh.
1059 2354 1135 2419 Vol.
1160 2355 1187 2438 Ι,

154 2497 188 2563 p.
223 2478 287 2542 457
324 2498 356 2541 n.
392 2479 476 2561 413,
510 2477 668 2557 μεθύστριοι
702 2475 738 2540 0.
769 2474 795 2540 I.
830 2475 885 2541 Gr.
919 2478 1007 2541 5760
1046 2477 1187 2564 (Treui),

152 2596 284 2672 οἷνδπτκς
315 2596 411 2685 (lorp.
443 2598 544 2663 Inscr.
570 2596 641 2662 Att.
666 2597 749 2679 844,
780 2596 1003 2679 οὶςιφορειιφόρος
1028 2598 1063 2664 (I.
1092 2599 1118 2664 I.
1144 2601 1186 2665 A.

156 2718 268 2802 7680,
300 2718 360 2783 col.
392 2718 428 2783 ΙΙ
459 2720 498 2802 3,
526 2718 630 2791 νοιστός
662 2717 698 2783 O.
729 2718 756 2783 I.
782 2716 822 2782 A.
850 2721 909 2797 77,
941 2719 1074 2802 στρόφιον
1099 2720 1134 2785 0.
1160 2721 1188 2790 I.

156 2838 196 2904 A.
222 2841 315 2904 8430
340 2843 378 2923 2,
409 2839 653 2916 στυππειοπώλης
686 2839 720 2905 Ο.
753 2837 780 2904 Ι.
813 2839 854 2904 Α.
881 2841 979 2905 7751)
1009 2842 1069 2906 col.
1092 2842 1110 2906 I
1134 2844 1187 2908 24.

201 2962 338 3050 Singula
372 2970 482 3030 autem
512 2962 671 3031 vocabula
700 2970 859 3052 quantum
889 2965 983 3052 potui
1014 2966 1186 3053 perspicue

156 3088 190 3148 et
214 3082 355 3150 dilucide
378 3085 613 3173 interpretatus
637 3105 726 3168 sum,
750 3084 885 3150 adiectis
911 3086 1188 3173 explicationibus

156 3209 306 3271 veterum
328 3207 508 3294 lexicorum
533 3207 724 3294 praesertim
747 3207 781 3271 in
805 3206 1012 3294 fragmentis,
1039 3215 1072 3274 et
1097 3210 1189 3276 scho-

155 3326 208 3392 liis
231 3328 266 3392 in
289 3328 407 3394 fabulis
431 3327 672 3416 Aristophanis.

152 3528 154 3533 .
204 3449 318 3526 Quoad
342 3450 413 3516 lieri
435 3449 563 3537 potuit,
589 3448 700 3515 addidi
724 3470 764 3515 ea
786 3448 886 3514 etiam
900 3448 1084 3524 uocabula,
1106 3471 1188 3538 quae

158 3573 352 3659 cognatione
376 3572 502 3658 stirpis,
519 3571 657 3647 formae,
676 3569 834 3655 notionis,
853 3567 1097 3656 compositionis
1114 3592 1190 3636 cum

159 3696 323 3761 vocabulis
352 3695 546 3760 comicorum
570 3693 706 3780 propriis
731 3691 905 3756 coniuncta
928 3691 969 3755 ab
994 3692 1066 3756 aliis
1092 3694 1190 3781 scrip·

159 3816 283 3882 toribus
318 3822 474 3904 usurpata
507 3820 600 3898 sunt,
634 3820 670 3879 ut
701 3811 938 3901 quodammodo
971 3813 1190 3881 illustraretur

161 3938 310 4005 dictionis
335 3940 536 4011 comicorum
561 3943 594 4003 et
617 3937 754 4003 aliorum
779 3937 972 4023 scriptorum
998 3937 1188 4021 discrimen,

161 4061 246 4150 quod
277 4082 375 4149 saepe
407 4068 517 4127 tamen
547 4061 700 4148 pusillum
731 4064 781 4125 est
808 4065 982 4147 propterea
1005 4059 1093 4147 quod
1118 4082 1190 4148 per·

160 4183 263 4248 multa
293 4183 468 4269 voeabula,
500 4184 620 4249 asolis
653 4181 783 4248 comicis
808 4179 972 4258 adhibita,
998 4202 1016 4246 e
1041 4203 1190 4248 sermone

160 4306 286 4392 vulgari
325 4306 475 4371 omnibus
511 4305 632 4370 usitato
668 4309 797 4392 sumpta
832 4309 908 4368 sunt
943 4304 1054 4391 itaque
1089 4325 1190 4391 prope
