2836 4934
569 302 710 386 Ἀφύδια.
1113 307 1154 370 57

126 550 235 631 potest
264 546 299 611 in
322 546 362 611 mi
386 545 489 624 ἕΦο9ια
514 546 693 627 (viatieum)
718 554 751 612 et
776 550 809 612 in
832 548 872 612 τὰ
895 546 1008 630 dedita
1031 551 1157 629 (exere-

126 665 252 752 menta)
278 666 338 731 hae
366 667 580 753 ambiguitate
604 668 703 732 risum
727 689 857 735 movere
882 675 1018 735 conatur
1041 677 1156 758 poeta3

125 786 229 868 ἐφόδια
252 788 432 874 (viaticum)
455 789 624 853 invenitur
638 810 688 876 ap.
705 791 825 855 multos
842 792 1024 879 scriptores,
1049 793 1157 875 ἄφοδος

125 908 249 973 dietum
281 931 339 997 pro
369 909 523 982 ἀπόπατος
555 911 676 997 legitur
707 933 757 999 ap.
789 912 846 977 Ar.
878 913 913 978 in
944 913 1030 979 Eeel.
1062 917 1156 980 1959.

126 1030 207 1094 Luc.
239 1031 339 1119 Hipp.
372 1033 410 1115 8,
445 1032 694 1115 „excrementa”
727 1039 777 1099 est
807 1034 945 1100 Aristot.
977 1035 1049 1100 nir.
1074 1035 1100 1100 Ι.
1127 1039 1157 1103 5.

126 1149 306 1217 Dieseerid.
339 1152 440 1217 Verb.
471 1151 604 1235 ἀφοδεύω
635 1153 721 1218 Plat.
755 1174 836 1219 eom.
861 1153 997 1220 Aristot.
1022 1156 1156 1222 Lucian.

127 1272 176 1339 Of.
202 1272 336 1360 praefat.
361 1275 379 1358 ἓ
403 1275 462 1338 31.

172 1394 309 1477 ἀφύδια
341 1392 462 1484 (neutr.
494 1394 593 1484 plur.)
623 1419 672 1484 ap.
696 1396 950 1484 Aristophanem
973 1397 1008 1461 in
1031 1397 1067 1462 fr.
1093 1399 1156 1462 507

128 1517 368 1584 deminutivum
399 1523 449 1584 est
480 1518 568 1583 veeis
599 1518 701 1605 seua,
733 1539 816 1605 quae
840 1517 960 1604 legitur
983 1518 1080 1584 etiam
1105 1540 1157 1606 ap.

127 1639 184 1705 Ar.
218 1640 253 1704 fr.
288 1642 363 1707 506.
393 1640 468 1706 Ath.
501 1642 551 1707 13.
577 1640 680 1706 586b
704 1644 738 1706 et
762 1639 890 1704 Aelian.
915 1639 958 1703 Η.
982 1640 1024 1703 Α.
1049 1642 1079 1733 2
1104 1641 1156 1704 22.

128 1762 317 1826 Formatum
340 1766 378 1826 ut
400 1760 540 1842 ἰχθύδιον,
563 1761 722 1838 aasentias,
748 1761 818 1827 alia.
842 1759 927 1826 Vide
944 1758 1077 1847 praefat.
1094 1761 1111 1844 5
1129 1763 1158 1825 7.

127 1881 202 1945 Hoc
233 1879 470 1947 deminutivum
500 1882 553 1946 hie
584 1887 712 1947 tantum
743 1881 844 1947 servit
874 1881 915 1947 ad
943 1881 1159 1968 exiguitatem

128 1999 386 2088 exprimendam.

172 2120 420 2202 ἀχρειόγελως
442 2122 461 2186 i.
489 2142 516 2186 e.
542 2171 557 2204 ,‚
584 2121 597 2185 ὃ
620 2121 667 2186 ἐπὶ
691 2128 749 2193 τοῖς
772 2122 932 2203 ἀχρήστοις
948 2123 997 2188 sai
1014 2124 1056 2201 at
1072 2148 1160 2190 σπου·

129 2242 215 2316 δκίοις
247 2240 361 2319 ataid
390 2243 511 2329 legitur
539 2242 625 2329 apud
648 2242 817 2308 Cratinum
840 2243 934 2308 infr.
961 2245 1043 2309 323:
1067 2248 1159 2330 χαῖρ’,

129 2363 149 2431 ὦ
179 2364 252 2444 μέγ’
283 2365 480 2446 ἁχρειόγελως
512 2363 606 2442 dama
630 2366 674 2431 H.
699 2366 812 2453 Steph.
836 2367 988 2454 interpr.:
1016 2373 1159 2449 „temere

129 2487 272 2555 ridens”.
297 2487 484 2553 Secundum
499 2487 604 2552 Koek.
622 2488 734 2555 voeab.
753 2494 917 2576 sumptum
934 2496 984 2555 est
1001 2511 1044 2554 ex
1060 2490 1148 2555 Hom

130 2608 189 2676 Od.
218 2611 268 2674 18.
296 2609 376 2672 163:
405 2610 540 2690 „digesios
563 2608 589 2673 δ’
603 2608 760 2686 ἐγέλασσε.
786 2611 918 2689 'Amasim
935 2610 980 2673 sie
1001 2615 1051 2674 est
1070 2609 1161 2692 „inu-

130 2728 212 2813 tilis,
237 2727 390 2815 ineptus'’
415 2750 466 2815 ap.
491 2728 561 2794 Hes
594 2728 631 2796 Ο.
659 2732 731 2795 299.
756 2730 803 2794 Of.
828 2731 925 2795 Hom.
949 2733 988 2798 B.
1007 2734 1081 2796 269.
1107 2730 1160 2796 Ad

131 2852 265 2915 formam
297 2850 336 2915 ef.
369 2849 517 2929 ἡδύγελως
548 2850 744 2938 Epigramm.
778 2850 887 2938 adesp.
922 2854 961 2916 77
988 2851 1045 2938 (V.
1073 2851 1159 2934 135).

133 2973 173 3040 Η.
197 2973 230 3040 h.
255 2973 335 3037 Pan.
361 2970 860 3050 37.πρηΰγε1ωςΑηι1ιοΙ.Ρ11.
888 2972 936 3035 10.
962 2973 998 3054 4;
1024 2973 1052 3035 9.
1079 2972 1159 3054 229,

132 3102 162 3160 et
186 3096 288 3162 subst.
311 3099 513 3172 κλαυσίγελως
537 3095 622 3160 Xan.
648 3094 733 3159 Hell.
752 3096 781 3158 7.
800 3097 830 3160 2.
848 3096 876 3158 9.
895 3132 934 3142 —
952 3093 1038 3159 Vide
1055 3095 1157 3181 praef.

132 3219 241 3300 §la-

173 3338 382 3419 ἀψήφιστος
416 3337 491 3423 „qui
520 3357 583 3399 non
618 3329 693 3398 tulit
724 3334 912 3420 suffragium
936 3333 1057 3418 (Sahal.
1082 3334 1095 3397 d
1118 3335 1160 3410 μὴ

133 3458 371 3542 ἕψηφοφορηκώς)
394 3458 513 3543 legitur
537 3455 623 3543 apud
653 3454 817 3542 Aristoph.
842 3455 876 3518 iu
900 3455 997 3541 Vesp.
1022 3475 1050 3518 v.
1077 3455 1159 3518 752:

139 3580 186 3663 „tv'
223 3584 237 3647 d
272 3580 360 3658 κῆρύξ
389 3588 481 3664 Ques,
514 3580 557 3650 τίς
589 3578 779 3662 ὦψὴφιστοςς
811 3574 1004 3642 ἄνιστάσθω”.
1037 3615 1079 3624 -
1111 3576 1159 3641 Of.

138 3704 265 3789 praefat.
300 3702 410 3787 §333
444 3702 582 3766 formula
617 3700 769 3764 solemnis
804 3698 903 3764 fuisse
936 3698 1064 3763 videtur
1098 3699 1160 3779 „sia

138 3825 340 3906 ἀψήφιστος”;
371 3823 575 3889 Vocabulum
607 3827 657 3886 est
687 3821 773 3887 iuter
804 3841 843 3884 ea
874 3819 1051 3901 adieetiva,
1076 3838 1159 3904 quae

139 3943 168 4009 in
197 3948 302 4035 priore
333 3945 477 4010 membro
508 3968 529 4007 a
560 3941 755 4030 privativum
787 3940 962 4022 exhibent,
995 3940 1029 4003 in
1058 3939 1160 4003 altero

143 4065 196 4131 adi.
220 4067 351 4133 verbale
375 4067 427 4131 vel
448 4086 576 4130 nomen.
593 4101 637 4111 -
653 4063 738 4129 Vide
755 4063 910 4143 ἄγρυκτος.
929 4061 1103 4127 Praeterea
1119 4062 1157 4126 ef.

141 4202 200 4253 voe.
221 4185 450 4269 ἄψηφοφόρητος
475 4185 509 4272 (i.
533 4207 564 4272 q.
587 4182 773 4272 ἀψήφιστος)
798 4205 849 4271 ap.
873 4180 989 4268 Polyb.
1015 4185 1046 4251 6.
1072 4185 1123 4250 14.

551 4388 743 4395 n.—
