2836 4934
574 317 692 398 ἔποχος.
737 284 740 289 ⁴
1082 319 1146 382 133

111 570 317 630 ποκοκοοκοονοοῖ
339 563 383 631 ib.
407 586 437 629 v.
463 563 537 627 227.
570 562 667 628 Tales
694 562 803 627 avium
828 583 923 627 voces
947 567 1023 627 sunt
1047 560 1145 626 etiam

110 685 222 767 τοροτίξ
229 737 238 762 ,
262 684 431 763 κικκαβαῦ,
455 683 570 761 τιοτίγξ
593 684 695 768 aliae,
721 705 801 771 quas
825 683 899 750 vide
923 705 947 751 s.
972 705 1002 750 v.
1027 684 1080 752 stt.
1104 723 1144 738 ·-

112 805 161 873 ef.
186 804 322 892 praefat.
346 807 364 889 ᾗ
388 805 418 869 6.

156 926 289 1007 ἔποχος
314 925 389 992 vide
411 947 437 990 s.
462 947 492 993 υ.
516 923 646 998 ἱππικός.

156 1047 367 1126 ἕκταβόενος
400 1047 620 1135 metaphorice
651 1052 826 1135 usurpatur
850 1078 890 1102 =
918 1048 1053 1133 ,μένας,
1086 1051 1144 1114 inr-

112 1171 342 1260 penetrabilis‚
367 1170 548 1236 infractus”
572 1169 659 1258 apud
684 1170 938 1258 Aristophanem
961 1173 995 1236 in
1011 1174 1095 1238 Ran.
1113 1195 1142 1237 v.
1184 1207 1186 1211 ν

115 1296 219 1359 1017:
255 1292 437 1364 πνέοντας..
455 1342 484 1356 ..
521 1294 657 1369 πήληκας
692 1293 742 1358 καὶ
779 1293 922 1371 κνημῖδας
956 1294 1004 1359 καὶ
1040 1295 1144 1372 θυμοὺς

112 1413 315 1493 ἑπταβοείους.
343 1414 481 1502 Proprie
504 1418 554 1479 est
578 1413 705 1480 ἐπίθετον
727 1423 779 1490 τῆς
802 1416 923 1488 ἀσπίδος
947 1422 997 1483 τοῦ
1020 1415 1143 1491 Αἴαντος

114 1571 155 1594 =
173 1538 388 1626 septemplex,
401 1535 596 1617 ἑατοέπτυχος
612 1536 699 1624 apud
717 1539 814 1602 Hom.
828 1539 862 1603 in
876 1538 980 1605 Iliade
993 1539 1041 1624 (H
1054 1541 1143 1626 219),

112 1661 152 1728 ef.
178 1658 352 1741 ε’νοοοέβονος,
381 1656 483 1722 forma
507 1663 674 1723 contracta
697 1658 808 1722 Attica
832 1680 882 1745 ap.
908 1658 1006 1746 Soph.
1032 1660 1065 1723 in
1089 1660 1142 1725 Αἰ.

113 1805 143 1846 v.
169 1783 245 1846 576.
281 1779 518 1866 Aristophanes
552 1779 653 1865 igitur
687 1779 833 1844 imitatus
869 1785 919 1845 est
950 1781 1143 1847 vocabulum

110 1903 341 1986 Homericum,
371 1899 457 1987 qnod
489 1905 598 1964 autem
630 1920 696 1964 non
728 1900 858 1987 propria
889 1901 1023 1966 notione
1053 1923 1144 1967 usur-

109 2023 220 2112 pavit,
245 2020 303 2088 sed
328 2020 494 2086 translata.
519 2020 566 2086 ef.
591 2021 726 2109 praefat.
752 2023 770 2106 ξ
793 2025 813 2088 8
838 2028 871 2088 et
894 2023 1060 2110 Blaydeeii
1088 2046 1143 2089 an-

110 2148 272 2214 notation.
297 2147 397 2212 critic.
423 2145 463 2212 ad
487 2145 519 2209 h.
544 2145 584 2230 l.,
609 2146 664 2232 qui
679 2167 830 2234 perverse
856 2149 970 2212 statuit
986 2169 1051 2213 non
1068 2170 1143 2214 con·

110 2268 224 2334 venire
246 2266 319 2331 voci
341 2263 427 2343 θυμός
452 2265 633 2353 epithetum
656 2266 828 2344 ἓπταβόενος
854 2272 887 2333 et
907 2269 1055 2356 ineptum
1065 2291 1142 2335 esse

107 2390 216 2468 θυμοὺς
253 2395 327 2476 post
362 2389 497 2465 πήληκας
505 2437 515 2467 ,
554 2389 699 2466 κνημῖδας
736 2396 815 2473 etc,
856 2411 955 2476 quare
989 2393 1142 2478 proponit

108 2510 214 2592 ῥινοὺς,
240 2530 352 2597 prave
392 2507 593 2575 confundens
633 2510 775 2595 tragicae
814 2515 848 2574 et
887 2510 1028 2575 comicae
1063 2510 1141 2575 artis

108 2630 336 2719 proprietates.

155 2753 379 2834 εὀγολήκτης
419 2753 494 2839 „qui
530 2773 610 2839 opus
642 2751 826 2818 faciendum
859 2754 1010 2842 suscipit,
1042 2776 1140 2820 man·

109 2874 233 2962 ceps”,
266 2873 386 2959 legitur
416 2871 502 2959 apud
534 2872 732 2938 Teleclidem
765 2874 799 2938 in
827 2873 864 2937 fr.
897 2873 1140 2958 5631d1emest

108 2993 198 3082 qnod
231 2993 393 3075 ἐργολάβος
420 2991 520 3081 (Plat.
546 2994 628 3080 Rep.
655 2995 684 3056 2.
710 2995 773 3057 373
792 3015 818 3058 ο.
843 2994 931 3059 Plut.
956 2996 1071 3060 Pericl.
1096 2997 1137 3060 31
1198 3004 1201 3010 “

108 3120 144 3181 et
168 3116 265 3201 seq.);
290 3113 330 3179 of.
346 3114 436 3179 verb.
460 3113 634 3192 ἐργολαβεῖν
657 3115 742 3179 Xen.
768 3115 863 3180 Mem.
890 3119 919 3180 3.
942 3119 1018 3183 aa.
1043 3118 1138 3186 Dem.

108 3235 164 3298 24.
192 3234 264 3297 161.
296 3232 414 3298 Aesoh.
449 3235 478 3296 1.
513 3235 575 3298 173
608 3241 641 3299 et
665 3234 825 3320 sequior,
849 3235 951 3300 subst.
975 3238 1139 3315 ἐργολαβία

93 3359 209 3424 ·Isoor.
234 3357 264 3420 5.
290 3357 344 3422 25.
368 3355 408 3418 Ι).
433 3353 497 3420 Sic.
522 3358 553 3422 2.
571 3357 622 3421 29.
649 3357 699 3421 De
724 3357 957 3443 compositione
975 3358 1049 3424 vide
1067 3381 1137 3425 voc.

105 3479 284 3560 dyprotrost.

154 3601 328 3681 ἐρέβινθος
352 3620 410 3686 pro
437 3598 601 3680 „membro
625 3596 727 3664 uirili’
754 3620 862 3685 usurp.
883 3601 941 3664 Ar.
960 3599 1042 3664 Ach.
1062 3602 1135 3665 801.

107 3729 194 3793 Ran.
228 3724 302 3788 545.
338 3721 424 3788 ΕοοΙ.
449 3722 491 3785 45
500 3745 510 3797 ς
545 3721 674 3808 proprie
710 3726 760 3786 est
796 3721 939 3804 „eicer'’;
975 3722 1071 3785 Hom.
1108 3731 1138 3786 N

108 3851 186 3914 589.
221 3846 306 3912 Plat.
342 3845 426 3931 Rep.
459 3843 489 3904 2.
523 3843 587 3906 372
613 3863 639 3906 c.
676 3842 733 3906 Ar.
769 3843 844 3907 Pae.
875 3843 957 3906 1136
993 3848 1055 3907 etc.
1091 3841 1137 3907 of.

107 3970 211 4060 praef.
234 3968 252 4058 ᾖ
279 3966 354 4050 2β,
379 3968 450 4049 3η,
476 3967 506 4031 8.
531 3963 584 4028 eie
608 3963 706 4028 etiam
730 3963 833 4028 subet.
850 3964 965 4044 αὐχήν
982 3962 1022 4027 ad
1040 3985 1139 4028 mem·

107 4094 206 4159 hrum
236 4089 328 4156 virile
355 4085 500 4153 alludere
523 4090 640 4173 putant
664 4085 810 4171 Bergion,
834 4084 952 4172 Hagen,
977 4084 1137 4170 Blaydes‚

107 4211 283 4277 dubitante
314 4205 554 4288 Herwerdeno‚
585 4206 620 4270 in
651 4207 728 4292 Lys.
754 4228 783 4270 u.
809 4209 889 4270 681:
915 4208 942 4277 ἐς
966 4206 1136 4287 τετρημένον

105 4334 198 4414 ξύλον
220 4329 439 4411 ἐγκαθαρμόσαι
462 4327 569 4394 τουτονὶ
593 4327 641 4393 τὸν
664 4330 796 4412 αὐχένα,
822 4330 911 4394 cuiue
936 4351 1048 4394 sensus
1070 4331 1138 4395 vul-
