2836 4934
584 315 758 388 Ἄσπονδος.
1145 323 1188 386 53

159 560 318 625 oomioum
341 560 375 625 in
399 560 436 624 fr.
464 561 536 625 113.
562 560 611 627 df.
635 560 768 648 praefat.
792 564 809 647 ἓ
835 562 1066 639 17.Eustath.
1086 567 1188 650 1345,

158 684 219 748 30:
244 681 366 752 οίσπείνς
389 682 517 748 Πλοίπαν
539 681 740 763 ἄσπλαγχνος
762 704 829 771 sqq.
847 685 897 750 De
914 685 1017 750 forma
1033 687 1073 754 of.
1090 686 1188 765 οίχίμ·

154 808 232 884 Φνος.
259 801 482 884 Ἄσπλαχχνος
513 826 564 892 ap.
601 803 699 891 Soph.
732 805 785 870 Αἰ.
819 807 882 871 467
916 812 966 872 est
1001 807 1185 888 „timidus'’,

155 924 304 1006 οίκοίρδνος,
328 924 418 998 δειλός
443 922 592 1012 (debeb).
616 925 712 990 Plato
737 931 846 991 autem
867 927 1060 992 vocabulum
1079 927 1186 993 denuo

157 1047 291 1113 finxisse
321 1046 451 1112 videtur
474 1046 514 1112 ad
539 1047 721 1134 analogiam
744 1069 814 1114 voa.
839 1048 1039 1121 ἀπλάκουντος
1067 1055 1100 1115 et
1123 1054 1188 1115 atat·

153 1169 305 1256 βοίνοτος,
331 1189 391 1235 neo
415 1169 575 1256 cogitasse
598 1170 638 1236 de
661 1190 741 1236 σοον
766 1169 956 1258 Sophoclea.

199 1289 375 1363 ἄσπονδος
410 1292 429 1356 i.
465 1313 491 1356 e.
532 1292 564 1374 „d
600 1291 643 1369 μίν
677 1290 912 1372 arraudum?
948 1292 1068 1378 legitur
1101 1292 1185 1379 apud

154 1415 296 1501 Eupoliu
319 1413 353 1478 in
377 1413 414 1480 fr.
439 1415 521 1479 234:
546 1411 688 1485 ἄσπονδος
712 1413 736 1477 δ’
757 1413 826 1491 drap
842 1412 1053 1494 σπονδαρχίδον
1070 1413 1185 1478 κακίων.

154 1535 376 1617 Σπονδαρχίδνς
402 1540 513 1601 autem
536 1535 605 1620 (Ar.
629 1535 710 1600 Aah.
737 1536 812 1600 595.
837 1534 952 1623 Eupol.
978 1538 1052 1600 234.
1070 1537 1187 1605 Liban.

154 1681 204 1746 ep.
236 1658 309 1724 394.
340 1657 437 1744 Grsg.
466 1656 545 1722 Noa.
575 1655 723 1721 Eustath.
749 1678 779 1742 p.
808 1658 879 1720 199.
904 1657 960 1740 34)
984 1662 1034 1722 est
1056 1659 1070 1722 ί
1094 1681 1182 1723 σπον-

152 1777 244 1859 δοίζνν
278 1777 340 1857 περί
377 1776 432 1848 τας
466 1776 565 1857 οίρχίος
599 1776 648 1841 καί
682 1775 882 1857 σπονδαρχίας
914 1777 1049 1865 (Phryn.
1081 1779 1185 1843 Bekk.

152 1923 182 1987 p.
208 1903 260 1966 63.
288 1898 355 1987 18).
380 1897 430 1964 Of.
454 1897 656 1972 οίσποοίδασπος
682 1896 760 1986 (περὶ
784 1899 835 1972 aba
856 1900 966 1984 οίρχνίν)
983 1921 1034 1986 ap.
1051 1900 1092 1966 D.
1110 1900 1185 1966 Hal.

153 2023 183 2088 5.
219 2021 278 2103 72,
311 2018 420 2094 σπονδή
452 2017 622 2106 (ambitus)
656 2019 744 2084 Plut.
771 2017 895 2084 Lucull.
922 2022 974 2085 27.
1000 2058 1042 2070 -
1068 2021 1116 2087 Of.
1141 2021 1182 2086 ad

152 2160 222 2204 voe.
246 2138 407 2221 οὶνίμφνος.

197 2263 365 2327 denarios
400 2263 470 2341 „est
499 2259 590 2323 loeus
622 2259 677 2323 ubi
708 2259 867 2324 luxuriosi
900 2265 933 2324 et
956 2258 1083 2347 prodigi
1108 2282 1185 2348 epu·

150 2385 261 2449 lantur
292 2389 325 2449 et
358 2382 581 2464 comissatum,
615 2386 672 2444 aut
703 2380 800 2444 etiam
832 2379 984 2444 libidines
1008 2381 1183 2445 exeroent”

152 2505 211 2593 (H.
238 2482 380 2591 steps),
404 2503 525 2588 legitur
548 2501 633 2589 apua
660 2502 774 2568 strae.
791 2503 824 2566 νη
843 2503 880 2567 n.
900 2505 956 2567 οι,
974 2503 997 2565 a
1013 2501 1086 2579 aaa
1103 2505 1182 2584 ατο

150 2626 247 2705 σχολὴ
269 2622 425 2702 χεννίσεποίν
449 2625 488 2695 είς
512 2625 648 2687 οίσνπείον
673 2622 842 2702 τραπέσθαι.
881 2624 927 2689 Of.
954 2624 1090 2688 verbum
1106 2625 1183 2688 νίσον-

149 2747 271 2823 τεναα
301 2745 402 2810 Arist.
435 2745 531 2810 Pon.
556 2746 586 2809 e.
614 2746 664 2810 12.
697 2723 769 2810 Aa.
794 2747 835 2810 v.
869 2747 910 2810 H.
941 2749 970 2811 4.
996 2749 1050 2838 νο,
1077 2746 1179 2812 suast.

148 2868 263 2933 νίοοπία
286 2867 372 2932 Plat.
396 2867 480 2954 Rep.
506 2870 536 2932 8.
561 2867 626 2931 560
643 2887 670 2930 e.
695 2867 796 2932 Arist.
821 2867 896 2931 Eth.
923 2868 1043 2932 Nino.
1064 2870 1092 2952 1,
1117 2868 1179 2935 adi.

149 2989 261 3060 ἄσωτος
286 2988 384 3074 Soph.
402 2987 544 3052 41189.
570 2986 663 3050 Deru.
681 2986 733 3049 45.
753 2988 804 3050 76.
829 2987 929 3050 Arist.
954 2986 1030 3052 Eth.
1047 2987 1087 3052 N.
1106 2990 1178 3053 4.1.

147 3108 291 3175 Nomina
314 3107 461 3171 neutrius
486 3107 613 3192 generis
637 3105 671 3169 iu
694 3129 761 3170 -ονον
785 3111 818 3170 et
841 3129 894 3169 -νον
910 3106 1065 3171 exeuntia
1082 3108 1178 3193 vulgo

148 3230 334 3317 significant
357 3229 482 3311 locum,
507 3227 563 3292 ubi
587 3226 708 3313 aliquid
733 3233 798 3310 est,
824 3227 876 3292 vel
902 3227 946 3291 fit.
979 3226 1028 3292 of.
1052 3235 1177 3313 λοφεῖον,

146 3352 239 3416 loeus
263 3370 327 3436 quo
351 3353 498 3414 servatur
522 3348 636 3431 orista,
653 3349 786 3431 ὀρνίθειον,
805 3348 913 3426 loeus,
932 3370 995 3435 quo
1012 3355 1179 3415 morantur

146 3495 225 3539 aves
250 3470 323 3561 (Ar.
347 3471 429 3536 th.
457 3472 550 3535 1109.
572 3471 659 3535 Nub.
686 3472 768 3554 751,
792 3469 858 3558 al).

192 3593 343 3670 οίπρεμεί
374 3590 563 3656 adverbium
596 3595 646 3655 est
680 3590 877 3677 „intrepide‚
910 3591 1114 3678 tranquille'';
1142 3593 1175 3655 in

146 3715 313 3781 locutione
339 3713 387 3793 ἔχ’
409 3711 533 3792 arpensi
553 3712 675 3798 legitur
698 3711 783 3798 apud
809 3711 865 3777 Ar.
889 3712 924 3776 in
946 3712 1031 3776 Nub.
1057 3736 1086 3778 v.
1112 3715 1172 3777 261

146 3841 203 3922 (=
239 3836 307 3912 μένε
342 3838 392 3915 ἐφ’
426 3836 552 3915 ἡσυχίας
592 3834 729 3918 Schol.);
760 3834 890 3915 οίπρὲμας
923 3835 1060 3899 occurrit
1090 3836 1175 3900 Nub.

147 3961 199 4024 73.
234 3957 295 4022 Av.
322 3957 417 4021 1200.
452 3956 546 4020 1572.
583 3954 711 4039 (οίπρὲμοο
745 3955 830 4021 Rau.
868 3956 941 4018 339.
977 3955 1037 4018 Av.
1078 3957 1173 4021 1244.

145 4079 277 4145 Thesm.
310 4074 390 4163 230)
423 4081 457 4141 et
488 4098 537 4163 ap.
570 4075 689 4139 multos
721 4075 800 4139 alios
828 4075 1010 4161 scriptores.
1048 4113 1087 4122 —
1124 4076 1172 4143 Of.

143 4196 280 4286 praefat.
302 4197 320 4280 ξ
345 4198 383 4259 11
402 4218 431 4258 α.

189 4315 349 4392 ἄσπορον
384 4314 470 4402 apud
501 4315 717 4402 Hermippum
740 4315 775 4378 in
799 4315 835 4380 fr.
862 4317 898 4380 2:
928 4316 1005 4398 „dai
1028 4323 1080 4389 τῆς
1104 4337 1172 4392 σρα·
