2836 4934
383 1133 982 1215 PRAEFATIO.

594 1459 787 1471 ΑΛΛΛΝᾺΛΙΧΝ·

210 1694 249 1758 Iu
283 1694 345 1759 hoc
380 1716 477 1782 opero
514 1695 652 1760 collecta
686 1701 763 1760 sunt
798 1694 957 1759 vocabula
989 1715 1031 1758 ex
1064 1693 1200 1780 antiqua

166 1815 333 1882 comoedia
357 1817 474 1900 attica,
509 1838 592 1904 quae
616 1838 635 1880 a
659 1816 735 1880 solis
759 1816 865 1903 poetis
889 1814 1019 1879 comicis
1044 1819 1200 1900 usurpata

167 1941 253 1999 sunt.
301 1935 454 2001 Fortasse
485 1937 585 2022 igitur
616 1937 753 2002 miretur
785 1936 919 2023 aliquis,
945 1935 971 1999 si
988 1935 1100 2021 primo
1125 1955 1200 1999 con·

167 2062 282 2144 spectu
306 2063 359 2122 tot'
379 2058 538 2123 vocabula
561 2059 733 2123 usitatiora
754 2063 887 2144 recepta
908 2077 980 2121 esse
996 2055 1124 2139 videat,
1141 2055 1198 2120 sed

167 2178 288 2244 factum
323 2179 356 2244 id
393 2193 460 2265 est,
496 2181 573 2268 quia
603 2202 669 2246 non
701 2181 805 2245 solum
836 2180 976 2261 formae,
1010 2176 1067 2242 sed
1100 2178 1199 2243 etiam

165 2300 308 2364 notionis
339 2301 571 2366 vocabulorum
604 2301 731 2366 ratione
762 2300 892 2382 habita,
918 2299 1017 2364 etiam
1042 2319 1080 2362 ea
1104 2318 1198 2362 voca·

164 2420 242 2485 bula
276 2422 463 2510 recipienda
498 2445 569 2488 esse
604 2423 734 2510 putavi,
769 2443 852 2509 quae
884 2421 946 2485 alio
980 2440 1077 2484 sensu
1109 2418 1195 2506 apud
1225 2402 1229 2410 ¹

164 2543 321 2629 comicos,
347 2543 410 2608 alio
434 2544 521 2632 apud
546 2551 671 2610 cetoros
696 2544 868 2630 scriptores
891 2543 1055 2628 leguntur.

209 2662 249 2727 In
272 2658 390 2728 fabulis
414 2664 644 2752 Aristophanis
665 2664 843 2730 editionem
861 2662 1015 2749 usurpavi
1031 2660 1196 2728 Theodori

164 2783 299 2870 Bergkii
323 2784 458 2851 alteram
482 2786 627 2873 (Lipsiae
643 2786 677 2850 in
694 2784 765 2851 aod.
782 2786 821 2849 B.
840 2784 879 2850 G.
896 2783 1062 2849 Teubnori
1079 2784 1196 2867 1884),

99 2907 102 2911 ’
163 2905 221 2969 ubi
245 2912 353 2972 autem
377 2907 474 2972 aliam
495 2907 669 2974 lectionem
695 2912 826 2972 secutus
851 2927 942 2989 sum,
977 2904 1037 2969 sub
1061 2902 1198 2988 singulis

165 3026 299 3090 vocibus
329 3025 363 3090 id
394 3027 564 3114 perspicue
595 3027 755 3111 indicavi3
787 3027 820 3091 in
853 3026 1044 3112 fragmentis
1072 3026 1198 3090 Aristo-

164 3147 281 3234 phanis
312 3154 346 3213 et
377 3149 574 3235 reliquorum
607 3154 799 3235 scriptorum
831 3147 985 3234 antiquae
1010 3145 1197 3211 comoediae

164 3268 309 3334 editione
341 3291 417 3335 usus
448 3291 519 3335 sum
551 3269 715 3335 Theodori
746 3269 865 3334 Kookii
898 3269 1043 3355 (Lipsiae
1066 3268 1101 3332 in
1125 3267 1196 3333 aed.

163 3389 202 3454 B.
243 3388 282 3454 G.
321 3390 487 3455 Teubneri
525 3392 634 3475 1880).
686 3392 863 3456 Praeterea
902 3411 975 3455 cum
1014 3390 1197 3475 fragmenta

165 3510 361 3576 comicorum
392 3513 589 3598 pertractavi
617 3533 635 3577 e
659 3510 771 3577 codice
796 3511 983 3577 Sabba'r'tico
1008 3511 1197 3598 Hierosoly-

165 3632 288 3697 mitano
313 3638 451 3720 exerpta
474 3632 560 3720 apud
584 3633 796 3721 Blaydesium
816 3633 1034 3716 „Adversaris
1049 3635 1084 3697 in
1100 3634 1197 3698 comi·

166 3775 276 3819 corum
306 3775 496 3841 graecorum
528 3753 731 3840 fragmenta”
764 3759 847 3840 part.
880 3753 923 3817 ΙΙ.
957 3775 987 3840 p.
1014 3755 1078 3816 344
1107 3774 1196 3839 sqq.,

166 3872 252 3938 unde
274 3874 431 3939 vocabula
447 3875 673 3958 χλανιδοφόρος,
690 3875 909 3957 αὐχμηρόβιος,
925 3873 1040 3946 dictor
1057 3875 1196 3961 sumpsi,

168 4002 235 4060 tum
258 3997 441 4082 fragmenta
464 4018 482 4062 e
505 3997 628 4062 Lexico
652 3996 854 4062 Messanousi
879 3995 919 4061 de
942 3996 1011 4060 iota
1034 3995 1196 4083 adscripto

165 4119 200 4183 in
229 4118 343 4185 Museo
375 4118 554 4203 Rhenano,
588 4139 606 4183 e
638 4139 701 4205 quo
733 4117 891 4183 vocabula
922 4114 964 4199 ᾦα
993 4122 1026 4180 et
1049 4117 1196 4197 συνῳδικός

166 4260 283 4326 rocepr.
