2836 4934
678 1173 681 1177 ,
766 1081 818 1179 z.

324 1360 442 1434 Ζήκας
474 1358 585 1425 vinum
615 1357 825 1446 peregrinum
856 1357 959 1446 (apud
989 1359 1163 1444 Thraces),
1190 1360 1314 1446 legitur

279 1479 365 1568 apud
389 1478 504 1567 Eupol.
529 1479 567 1544 fr.
592 1481 675 1544 355:
701 1480 807 1547 ταύτὸν
829 1488 907 1546 ποιεῖ
926 1480 960 1546 ου’
983 1484 1010 1545 τ’
1027 1481 1161 1547 Ἀττικὸν
1177 1483 1217 1563 τῷ
1233 1478 1312 1563 ζῆλα

278 1602 484 1685 ουνκεραννύς.
508 1601 723 1668 Choercbosc.
748 1602 853 1668 Bekk.
878 1602 1002 1669 Anacd.
1021 1605 1115 1669 1187.
1132 1603 1313 1671 Herodian.

279 1728 308 1791 2.
335 1728 417 1807 666,
441 1727 483 1790 23
508 1724 641 1792 Lentu:
677 1722 823 1805 ὃζιὶλας,
849 1730 898 1790 τοῦ
922 1723 999 1806 ζῆλα
1022 1722 1107 1809 (οὕτω
1131 1724 1159 1789 δὲ
1186 1724 1313 1802 λέγεται

276 1847 358 1912 κακοὶ
382 1851 501 1930 Θρᾷκας
525 1845 538 1910 ὃ
561 1839 656 1928 οἶνος),
679 1844 824 1932 Hesych.
842 1845 921 1910 citat
937 1843 1072 1910 formam
1087 1842 1176 1925 ζίααι.
1202 1845 1315 1929 „Quid

277 1966 420 2054 Eupolin
443 1965 655 2031 commoverit
679 1970 716 2030 ut
732 1964 844 2031 vinum
861 1964 914 2030 hic
930 1965 1103 2051 peregrino
1120 1965 1313 2052 civibusque

278 2086 344 2151 auia
366 2085 480 2172 ignote
503 2084 662 2151 vocabulo
686 2085 871 2151 nominaret
894 2085 1078 2150 nescimua'’
1103 2084 1251 2174 (Roob).
1272 2125 1313 2136 -

277 2207 326 2274 Of.
350 2207 485 2295 praefat.
510 2211 528 2293 ξ
551 2206 609 2289 3ζ.

321 2327 428 2410 ζυγόν
461 2328 584 2415 signifi:
621 2329 853 2410 „calceamenti
884 2327 1042 2416 corrigia”
1073 2328 1161 2417 apud
1184 2328 1313 2395 Aristo·

277 2452 418 2539 phanem
442 2450 476 2514 in
500 2452 575 2539 Lyn.
600 2473 629 2517 v.
654 2453 738 2515 417:
763 2451 796 2515 τὸ
819 2451 999 2517 δακτυλίδιον
1021 2457 1072 2518 τοῦ
1092 2451 1175 2526 ποδὸς
1191 2457 1241 2518 τοῦ
1256 2461 1312 2528 τῆς

276 2572 412 2651 γυναικός
442 2595 498 2649 μου
521 2569 611 2652 οιιέζει
634 2572 667 2637 τὸ
690 2569 788 2652 ζυγόν.
816 2573 958 2654 „Lotum
981 2577 1051 2637 erat
1075 2570 1194 2659 digitos
1217 2571 1312 2660 pedis

277 2693 525 2779 constringens’'
560 2690 720 2781 (Blayd.).
745 2693 828 2758 Poll.
856 2695 885 2758 7.
911 2696 970 2758 81ι
1001 2692 1088 2775 ζυγὸν
1115 2693 1144 2758 δὲ
1166 2699 1218 2760 τοῦ
1240 2719 1313 2758 σαν-

277 2814 377 2882 δαλίου
401 2816 434 2880 τὸ
459 2815 524 2902 τοὺς
540 2815 699 2888 δακτύλους
716 2816 848 2898 συνέχον.
873 2817 999 2884 Schola
1024 2816 1110 2899 ζυγὸς
1127 2817 1156 2883 δὲ
1171 2826 1311 2884 καλεῖται

276 2940 289 3004 ι’
321 2937 511 3019 περικείμενος
540 2944 599 3009 τοῖς
632 2939 805 3014 γυναικείοις
836 2937 1001 3010 οανδαλίοις
1032 2938 1104 3016 ἱμὰς
1135 2939 1216 3004 κατα
1242 2940 1311 3012 τοὺς

277 3058 447 3131 δακτύλους.
491 3059 524 3122 Ia
561 3059 661 3145 igitur
699 3059 914 3124 masculinum
952 3058 1059 3126 reddit
1096 3060 1312 3147 vocabulum,

277 3181 425 3246 similiter
456 3178 594 3244 Photius
625 3201 655 3266 p.
680 3180 733 3244 55.
759 3181 789 3247 5.
814 3180 920 3246 Notae
944 3185 1021 3244 aunt
1043 3180 1188 3268 reliquae
1211 3181 1313 3268 signi·

277 3307 445 3372 ficationes
468 3305 618 3372 vocabuli
641 3304 738 3386 ζυγόν.
763 3344 805 3354 -
831 3305 879 3370 Of.
903 3305 1038 3392 praefat.
1063 3308 1081 3390 ξ
1105 3303 1166 3370 36.

321 3427 509 3510 ζυγοποιός
554 3426 628 3514 „qui
666 3427 743 3512 iuga
771 3424 876 3491 -facit”
913 3425 1034 3511 legitur
1067 3410 1154 3512 apud
1189 3425 1312 3492 Phere-

277 3557 398 3617 cratem
429 3551 466 3615 fr.
501 3552 572 3615 130.
603 3573 633 3617 v.
669 3553 703 3614 l:
735 3548 779 3621 τίς
810 3549 867 3615 ἔσθ’
898 3553 966 3627 ἡμῖν
997 3555 1053 3613 τῶν
1086 3548 1242 3630 ζυγοποιῶν
1269 3552 1312 3615 ἔτι

276 3672 383 3758 χρείας
413 3673 561 3738 Verbum
591 3671 790 3754 ζυγοποιεῖν
815 3675 908 3736 extat
942 3670 1028 3759 apud
1052 3670 1312 3758 Aristophanem

276 3797 314 3863 fr.
350 3797 433 3878 449,
473 3795 529 3859 ubi
564 3794 603 3858 cf.
638 3792 758 3860 chkii
794 3793 1049 3858 annotationem.
1087 3792 1135 3857 bf.
1172 3791 1311 3879 praefat.

206 3967 209 3972 ,
276 3918 294 4001 5
319 3915 393 3994 3β;
421 3913 570 3997 ζυγοποιός
594 3918 644 3978 eat
668 3914 881 4001 compositum
906 3913 1119 3993 obiectivum,
1147 3912 1313 3994 ζυγοποιεῖν

277 4038 413 4104 verbum
438 4036 705 4123 decompositum.

321 4156 513 4239 ζυνυθριζυ
528 4187 568 4211 =
585 4157 774 4242 „examino‚
799 4156 983 4243 perpendo,
1000 4155 1139 4238 ζύνυθρον
1152 4156 1241 4222 enim
1259 4164 1314 4224 eet

274 4281 388 4368 iugum
417 4278 541 4344 librae’'
571 4277 699 4368 (Blayd.
727 4277 858 4366 Kock.).
881 4279 962 4346 Voc.
987 4284 1038 4344 eat
1061 4301 1111 4367 ap.
1136 4279 1310 4367 Aristoph.
