2836 4934
177 283 219 346 92
542 287 849 359 Διαλεπτολογοῦμαι.

175 522 379 611 διαλέγεσδαι,
411 528 428 599 ιδ
459 524 653 604 διαλεκτική.
672 525 760 613 apud
784 526 1038 614 Aristophanem
1065 527 1099 591 in
1122 525 1212 592 Nub.

175 668 205 712 v.
231 647 312 712 317:
344 646 483 729 Νεφέλαι
507 643 592 727 αἵπερ
615 647 733 725 γνώμην
757 648 807 712 καὶ
830 646 956 725 διάλεξιν
980 649 1030 714 καὶ
1055 653 1116 714 νοῦν
1141 651 1212 727 ἡμῖν

175 763 345 847 παρέχουσι.
376 765 515 843 Διαλεξις
545 774 655 833 autem
679 767 767 856 apud
791 769 877 834 Plat.
902 770 961 857 Ep.
989 772 1019 838 7.
1045 770 1111 835 350
1135 770 1155 834 d
1178 775 1214 836 et

176 889 263 955 Plut.
295 888 377 954 Mor.
409 891 472 954 778
495 890 517 955 5
542 895 592 955 est
619 887 848 977 „disputatio’'‚
872 890 958 977 apud
982 889 1214 977 grammaticos

176 1016 209 1075 et
233 1010 295 1075 Dio
320 1010 356 1076 O.
381 1011 447 1096 (60.
477 1011 531 1096 17)
556 1012 655 1076 etiam
680 1043 721 1069 =
745 1011 907 1083 tartaraeos.
929 1009 1006 1077 Adi.
1029 1010 1212 1086 διαλεκτικός

177 1130 240 1214 „ad
271 1129 503 1218 disputandum
535 1137 648 1219 aptus,
683 1130 864 1196 disserendi
891 1129 1034 1219 peritns‘’
1058 1132 1098 1196 of.
1125 1132 1212 1199 Plat.

177 1253 266 1318 (irat.
298 1253 363 1317 398
387 1252 419 1320 d.
450 1252 547 1318 Polit.
578 1254 643 1318 287
668 1275 697 1318 a.
729 1253 813 1318 Xen.
836 1252 945 1328 Mem.
980 1255 1010 1317 4.
1036 1254 1065 1319 5.
1092 1253 1143 1318 12.
1169 1291 1211 1302 -

177 1373 263 1440 Vide
286 1372 387 1461 praef.
411 1376 429 1459 ξ
453 1373 522 1450 2β.

219 1496 575 1574 διαλεπτολογοῦμαι
615 1500 748 1580 „argute
785 1493 938 1580 disputo’'
969 1492 1095 1580 legitur
1124 1493 1213 1581 apud

174 1617 431 1705 Aristophanem
462 1617 497 1682 in
526 1616 613 1682 Nub.
647 1638 676 1681 v.
704 1617 807 1682 1496:
831 1615 1119 1693 διαλεπτολογοῦμαι
1144 1622 1212 1688 ταῖς

85 1775 88 1780 ·
174 1738 262 1811 δοκοῖς
293 1746 346 1811 τῆς
377 1736 478 1810 οἰκίας.
509 1743 710 1814 Λεπτολογεῖν
742 1736 909 1802 invenitur
930 1735 1018 1823 apnd
1041 1736 1099 1800 Ar.
1122 1735 1211 1802 Nub.

175 1860 249 1922 320.
282 1858 360 1924 Luo.
393 1856 560 1924 Prometh.
594 1858 625 1922 6.
658 1857 700 1925 D.
733 1855 821 1922 Cass.
855 1858 908 1923 55.
937 1857 998 1938 28,
1022 1870 1214 1921 καταλεπτο·

175 1984 274 2055 λογεῖν
307 1979 392 2043 Itan.
429 1980 504 2043 828.
540 1976 590 2045 Of.
622 1977 901 2057 eramusmaerore
935 1977 1024 2044 Plut.
1057 1977 1123 2044 Sol.
1156 1979 1210 2043 30.

175 2099 401 2188 Compositum
425 2106 475 2165 est
497 2100 784 2178 διαλεπτολογοῦμαι
809 2121 827 2166 e
851 2100 951 2166 verbo
974 2099 1151 2178 διαλέγομαι
1176 2103 1211 2166 et

176 2222 329 2289 adverbio
352 2228 478 2297 λεπτῶς.
504 2223 590 2290 Vide
614 2223 656 2290 ad
679 2223 910 2304 βαρυδαιμονεῖν.

220 2345 397 2427 διαλφιτῶ
434 2345 557 2427 „farina
583 2343 782 2433 oonspergo’'
812 2345 933 2432 legitur
965 2343 1052 2433 apnd
1083 2343 1211 2408 Aristo·

175 2465 316 2553 phanem
350 2466 385 2531 in
419 2466 506 2532 Nub.
541 2489 573 2535 v.
609 2469 692 2544 6695
728 2466 914 2549 διαλφιτώσω
950 2490 999 2531 σου
1029 2465 1128 2546 κύκλῳ
1159 2465 1211 2540 τὴν

175 2587 322 2668 κάρδοπον.
355 2587 403 2653 Of.
436 2586 622 2670 ἕπαλΦιτίζω
654 2588 732 2654 Aah.
766 2589 816 2652 10.
850 2589 916 2652 432
932 2588 964 2653 b.
991 2587 1131 2670 (Schol.:
1155 2588 1211 2651 οὶλ-

174 2708 268 2791 φίτιον
290 2705 441 2796 πληροῦν).
466 2707 506 2773 In
529 2708 770 2796 praepositione
794 2708 855 2774 δια·
883 2708 1077 2795 significatio
1101 2708 1209 2775 inesse

175 2829 305 2895 videtur
331 2828 512 2917 „prorsns’'.
546 2830 693 2917 Simplex
715 2830 834 2913 αλφιτῶ
858 2850 926 2894 non
947 2828 1125 2894 invenitur.
1159 2829 1210 2895 De

175 2951 408 3039 compositione
440 2951 477 3016 of.
505 2951 675 3034 ἐκκαολίζα.
709 2954 773 3018 Hio
797 2954 883 3019 inest
907 2953 990 3019 ratio
1015 2951 1118 3018 dativi
1141 2952 1207 3036 (οὶλ-

173 3075 268 3156 φίτοις
291 3072 468 3158 διαπασσοο).

218 3191 497 3275 διαμασχαλίζα
542 3193 753 3280 „suffarcino”
800 3195 921 3281 legitur
959 3193 1045 3281 apud
1084 3193 1211 3259 Aristo·

173 3317 314 3404 phanem
338 3315 434 3379 infr.
459 3317 538 3381 253:
563 3317 576 3380 ὁ
599 3316 683 3396 χορὸς
707 3315 731 3380 δ’
755 3313 872 3396 ὠρχεῖτ’
899 3313 936 3379 διν
959 3312 1210 3393 διαμασχαλίσας

174 3437 261 3502 αὑτὸν
298 3435 433 3516 σχελίσιν
472 3436 521 3500 καὶ
560 3436 690 3517 Φύσκαις
724 3435 774 3501 καὶ
812 3440 977 3518 ῥαφανῖσιν.
1030 3436 1212 3522 „Loquitur

174 3563 273 3647 poeta
296 3556 336 3622 de
361 3557 606 3644 antiquissimae
630 3557 817 3623 oomoediae
841 3557 1023 3640 choraulis,
1047 3556 1103 3643 qui
1127 3576 1211 3643 quae

174 3703 194 3745 a
225 3680 365 3765 ohorego
396 3679 599 3766 accepissent
633 3699 672 3743 ea
702 3700 743 3744 ne
768 3679 829 3743 sibi
853 3678 1076 3744 adimerentur
1100 3699 1212 3744 saonm

174 3800 350 3887 portabant
385 3787 484 3865 etiam
516 3799 695 3866 saltantes’'
734 3800 853 3886 (Kook.
888 3799 1020 3865 seonnd.
1051 3799 1211 3866 Fritzsoh.

174 3923 215 3989 ad
247 3922 444 4009 Thesmoph.
476 3943 508 4008 p.
541 3924 640 4004 233).
674 3922 821 4011 Simplex
848 3922 1033 4003 μασχαλίζω
1058 3927 1108 3987 est
1135 3944 1213 4005 „ex-

174 4050 293 4110 tremas
317 4044 460 4131 eorporis
484 4049 596 4131 partes
621 4049 771 4111 truncare
796 4050 830 4111 et
854 4045 915 4110 sub
932 4044 1040 4109 axillis
1056 4045 1212 4131 ponere’',

180 4166 299 4232 Aesah.
331 4166 391 4233 eh.
418 4167 492 4231 433.
518 4167 618 4253 Soph.
642 4167 690 4232 El.
716 4168 792 4234 437.
819 4205 863 4216 -
893 4167 941 4231 of.
968 4165 1105 4254 praefat.
1133 4167 1151 4250 ξ
1179 4168 1212 4234 5.

185 4286 261 4354 Huc
284 4286 428 4377 pertinet
450 4286 549 4355 etiam
572 4287 661 4355 verb.
685 4285 861 4354 διαπλύνα
888 4283 1039 4379 „perlue”
1054 4307 1106 4376 ap.
1121 4287 1214 4353 Aris-
