2836 4934
192 273 235 337 90
607 267 815 347 Διακθλληραα.

191 517 324 584 versarii
356 514 608 583 conscenderet'’
640 513 860 604 (Hermann).
887 515 999 602 Simpl.
1025 514 1226 597 κλιμακθζω

190 639 356 705 invenitur
387 662 437 727 ap.
470 638 725 726 Aristophanem
750 636 902 718 Ἀναγύρῳ
925 637 1059 724 (legitur
1082 637 1116 701 in
1140 636 1227 725 frog·

190 761 309 827 mentis
336 761 541 826 comicorum
577 781 595 826 e
623 759 734 826 codice
767 759 955 825 Sabbeitico
987 757 1225 846 Hierosolymi-

190 887 267 947 tono
299 881 443 968 exerptis
474 902 525 968 ep.
549 880 701 968 Blcydes.
729 880 946 963 „Adversaris
968 880 1003 944 in
1027 879 1225 946 comicorum

189 1024 379 1091 graecorum
409 1002 613 1089 fragmento''
638 1007 721 1090 pert.
746 1002 790 1067 11.
814 1023 846 1088 p.
872 1003 937 1067 344
962 1000 1059 1091 squ).
1084 1002 1224 1091 Tropice

190 1129 299 1189 autem
322 1123 485 1204 κλιμακθζω
511 1155 551 1178 =
579 1128 769 1212 „perverto,
794 1123 972 1212 detorqueo
990 1123 1069 1207 (τοὺς
1086 1124 1223 1210 νθμσνς)”

190 1251 240 1311 est
275 1268 325 1334 ap.
361 1247 561 1312 Dinarchum
598 1247 679 1312 rhet.
715 1267 777 1312 seo.
810 1245 902 1314 Suid.
926 1251 960 1310 et
983 1247 1158 1333 Harpocr.;
1184 1247 1223 1313 cf.

189 1367 377 1448 δισρχεῖσθαι,
402 1367 552 1449 διακριθζνι,
570 1366 788 1448 διαξιςθθζσμαι,
805 1366 958 1444 διενεγκεῖν
975 1372 1009 1432 et
1023 1366 1098 1433 vide
1112 1390 1134 1433 s.
1147 1367 1179 1434 h.
1192 1390 1222 1434 v.

190 1489 231 1554 de
256 1489 490 1575 compositione
514 1494 548 1554 et
571 1489 696 1575 origine
720 1488 834 1554 talium
858 1488 1041 1554 verborum.

235 1610 466 1688 διακθλληρια
496 1610 583 1698 opud
614 1610 756 1697 Eupolin
786 1609 821 1674 in
852 1610 890 1678 fr.
923 1611 987 1675 409
1019 1611 1150 1699 proprie
1174 1618 1225 1677 est

191 1732 247 1811 „id
280 1731 366 1820 quod
398 1753 471 1797 cum
502 1732 611 1821 aliquo
641 1752 676 1797 re
708 1731 962 1818 conglutinetur,
994 1732 1015 1796 i.
1040 1754 1071 1819 q.
1099 1734 1224 1818 σπσιβη,

187 1855 408 1935 αναπληρνηια,
434 1875 498 1941 quo
522 1854 599 1942 quid
623 1851 809 1919 refercitur'’
834 1853 886 1938 (cf.
903 1857 1003 1918 nostr.
1024 1852 1224 1941 „stoplop’');

189 1976 264 2042 vide
287 1977 345 2042 Ar.
369 1977 454 2042 Ran.
482 1977 567 2042 1178
593 1975 663 2058 (ubi
682 1975 809 2057 σπσιβθ).
834 1974 981 2041 Verbum
998 1975 1157 2041 διακαλλσῖν
1174 1983 1224 2042 est

189 2121 239 2186 ep.
272 2099 352 2162 Luc.
385 2096 486 2184 Hipp.
516 2098 545 2160 6.
583 2095 730 2182 Simplex
752 2093 891 2172 κθλλημα
914 2095 1015 2160 hebet
1038 2096 1222 2182 Antiphon.

188 2222 218 2283 3.
244 2220 304 2302 88,
328 2220 438 2282 κσλλῖιν
471 2216 567 2282 Pind.
592 2217 633 2282 N.
659 2219 688 2282 7.
715 2218 766 2282 78.
791 2217 877 2281 Plot.
901 2216 983 2283 Tim.
1009 2218 1051 2282 82
1078 2216 1108 2285 d.
1133 2218 1222 2284 Plut.

189 2340 300 2427 Symp.
327 2341 355 2418 1,
380 2340 417 2419 2,
443 2342 480 2418 6,
505 2340 547 2406 al.
583 2340 760 2406 Deforme
784 2340 821 2405 cf.
845 2340 1081 2422 θαανλθχενμα.

233 2461 398 2527 διακόνιον
425 2462 615 2548 „placentae
639 2461 799 2549 quaedem
823 2461 970 2549 species”
994 2462 1115 2549 legitur
1136 2463 1223 2550 apud

141 2641 143 2647 .
189 2583 421 2671 Pherecratem
443 2584 478 2647 in
501 2583 539 2648 fr.
559 2585 638 2669 156,
662 2606 692 2649 v.
717 2586 755 2646 2:
780 2583 835 2648 ὑπὸ
858 2592 910 2659 πῆς
933 2583 1105 2661 ἀπληστίας
1125 2585 1223 2650 διακθ-

189 2731 241 2772 νισν
275 2706 415 2781 ἐπθσθιεν.
451 2706 593 2793 Hesych.
624 2706 774 2772 διακόνιον·
810 2704 895 2788 cotta
930 2711 947 2783 ἢ
979 2705 1090 2788 ζαμθς,
1124 2708 1173 2772 καὶ
1206 2711 1223 2784 ἡ

98 2867 103 2879 ·
188 2829 288 2971 κρηπίς
323 2836 373 2895 παῦ
407 2834 606 2902 πλακσννπας·
640 2830 665 2893 οἱ
699 2829 728 2895 δέ
763 2829 914 2908 πέμματα
949 2827 1140 2907 ἐξαπτόμενα
1170 2841 1223 2907 τῆς

188 2950 418 3032 σι’ρεσιθνης.-
378 2949 492 3014 -Οθ,
518 2950 616 3038 praef.
640 2953 701 3036 §3
719 2949 743 3030 ζ.

233 3072 589 3151 διακσρκιρνγεΐνε
622 3072 738 3137 διελθεῖν
770 3073 964 3156 καρρκευγῶν,
984 3071 1105 3157 legitur
1135 3072 1223 3158 apud

189 3194 442 3281 Aristophanem
473 3194 507 3259 in
538 3193 623 3259 Nub.
653 3217 683 3259 v.
710 3196 792 3260 387:
821 3193 871 3269 ἤδη
895 3192 990 3276 ζωμοῦ
1014 3194 1223 3270 Παναθηναίοις

189 3314 365 3392 ἐμπλησθεὶς
389 3310 442 3380 εἶπ’
464 3316 630 3397 ἐταράχθης
652 3317 705 3390 rho
729 3318 879 3398 γασπέρα,
903 3316 950 3380 καὶ
968 3319 1065 3388 κλθνσς
1082 3314 1223 3401 ἐξαθφνης

188 3437 279 3511 αὐτην
301 3435 454 3518 διεκσρκσρ
422 3460 550 3521 ρνγησε,
573 3438 751 3503 Praeterea
773 3437 848 3503 vide
872 3459 955 3524 quae
973 3441 1130 3503 annotata
1146 3444 1224 3503 sunt

189 3580 213 3622 s.
238 3580 268 3624 v.
292 3556 388 3635 αναβσ
389 3555 628 3639 ρβσρθζωεθοέ
594 3557 792 3644 c.praefat.
817 3561 886 3644 §.h

233 3677 411 3761 διακρθζα
452 3681 628 3767 „strepitu‚
669 3681 886 3746 clamando
877 3703 911 3746 ιιι
913 3686 964 3747 ter
1001 3703 1036 3747 se
1075 3683 1223 3750 certere”

188 3801 309 3887 legitur
333 3800 419 3887 apud
443 3801 697 3889 Aristophanem
721 3803 756 3867 in
772 3803 834 3870 Ar.
852 3825 881 3906 ν.
901 3805 976 3868 307.
998 3803 1058 3890 Ειρ.
1071 3826 1101 3870 v.
1118 3806 1223 3871 1403:

188 3924 316 4005 πόρναισι
333 3922 388 4001 ,καὶ
412 3923 577 4000 βαλανεῦσι
600 3924 831 4005 διακεκραγέναι.
857 3925 905 3991 Of.
931 3945 1014 4012 quae
1038 3924 1226 3991 dictasunt

189 4069 214 4112 s.
238 4069 268 4112 v.
300 4046 489 4128 δινρχεῑσθαι,
521 4068 603 4134 quae
636 4048 744 4113 omnia
776 4052 810 4113 et
841 4046 881 4112 de
911 4047 973 4112 hec
996 4068 1075 4112 voce
1099 4048 1223 4114 valent.

189 4166 236 4231 Of.
271 4164 389 4233 deinde
421 4168 520 4233 etiem
550 4189 638 4233 voco.
674 4168 793 4233 διαπίνω
827 4169 950 4234 Herod.
984 4172 1015 4236 9.
1042 4171 1091 4235 16.
1123 4172 1224 4239 διαθὲω

192 4284 275 4352 Plet.
312 4285 447 4352 Theaet.
481 4288 544 4352 148
577 4308 603 4353 c.
638 4287 785 4379 Simplex
815 4289 907 4373 κριθζω
939 4288 1102 4381 (κέκραγα)
1135 4294 1223 4380 opud
