2836 4934
673 242 808 322 Διόιυρος.
1192 208 1254 309 101

268 494 409 575 διὀιυρος
442 493 505 560 adi.
537 492 624 581 apud
656 491 908 579 Aristophanem
941 491 975 556 in
1008 493 1090 558 Ron.
1115 515 1144 556 v.
1174 495 1255 557 1361

223 617 370 702 iungitur
402 637 475 680 cum
507 634 595 680 voco.
615 614 778 695 Αούνὲχουσοι
809 612 975 690 λοιμοιούδοις
1007 612 1180 698 (διπύρους),
1221 621 1257 680 ut

223 737 266 802 sit
292 738 345 819 „in
369 742 507 824 utraque
524 740 758 801 manutenens
775 733 910 800 facem’'.
936 734 1038 800 Oodd.
1055 736 1118 801 AD
1134 736 1258 802 habent

221 858 384 938 διοοοιύρους.
410 857 521 945 Bergk
537 857 636 923 coni:
662 857 858 940 ύμφιτύρους.
886 857 971 933 Quia
986 863 1097 922 autem
1113 858 1259 946 Aeschy-

220 982 273 1046 lus
303 981 350 1046 ibi
381 982 452 1047 vult
476 980 763 1061 claromontinsis
793 975 957 1067 Euripidis
980 978 1132 1055 διεξελθεῖν
1155 980 1259 1062 τρόπον

220 1104 263 1187 (v.
276 1104 384 1188 1330),
397 1103 592 1169 vocabulum
608 1103 719 1183 δίπυροι
732 1103 868 1168 fortasse
881 1124 923 1168 ex
935 1099 1101 1190 Euripidis
1114 1104 1256 1190 quodam
1313 1144 1315 1149 .

220 1226 293 1290 loco
318 1231 483 1313 sumptum
500 1230 567 1309 est,
592 1230 649 1289 aut
669 1222 729 1307 „ad
745 1221 941 1312 Euripideoe
958 1244 1095 1311 poeseos
1111 1244 1259 1288 normam

222 1343 354 1411 fiotum'’
380 1343 426 1433 (v.
452 1344 483 1412 d.
502 1344 535 1412 S.
558 1345 624 1433 B.).
648 1343 734 1409 Vide
757 1343 894 1431 praelat.
918 1344 936 1427 ξ
960 1346 990 1411 8.
1016 1343 1064 1409 Of.
1088 1344 1258 1426 ύμφύιιυρος

221 1467 319 1555 Soph.
344 1466 380 1531 fr.
405 1468 481 1531 212.
505 1465 582 1532 Itur.
606 1465 676 1532 Ion.
704 1467 779 1549 716,
800 1463 911 1545 δι’τυροτ
929 1494 969 1518 --
987 1463 1132 1546 διοιυρύτνς
1151 1496 1191 1519 =
1208 1466 1258 1531 bis

219 1589 254 1653 in
284 1589 362 1675 igne
393 1593 504 1653 coctus
528 1587 583 1673 (de
612 1583 712 1674 pane)
737 1607 788 1673 ap.
814 1585 932 1651 Eubul.
957 1607 1038 1651 com.
1064 1590 1095 1651 3.
1120 1587 1196 1671 214,
1221 1592 1255 1652 et

219 1711 358 1776 fortasse
393 1708 480 1796 apud
514 1707 673 1774 Alcaeum
705 1728 786 1772 com.
812 1705 856 1790 ¹ir.
886 1708 905 1770 5
930 1706 1000 1790 (ubi
1023 1706 1097 1772 vide
1122 1703 1257 1794 Koch).

264 1829 531 1912 διφύεροτιύλορς
555 1828 630 1895 vide
654 1826 694 1892 sd
717 1848 786 1892 voc.
811 1827 1010 1905 γελνύτοολις.

264 1951 447 2035 temptarer
475 1949 589 2033 „sedes
613 1947 744 2015 currus’'
767 1949 888 2035 legitur
912 1950 968 2014 Ar.
994 1949 1079 2015 Nub.
1098 1954 1158 2016 31:
1183 1958 1257 2031 τρεῖς

218 2082 296 2152 μνοιΐ
328 2073 475 2157 διφρίσκου
509 2073 558 2139 κού
596 2081 709 2155 τροχοῖν
744 2074 878 2156 Ἀμυνύρι.
918 2073 1166 2139 Dominutivum
1206 2080 1257 2140 est

219 2194 385 2260 notissimi
421 2195 572 2260 vocabuli
607 2194 720 2278 δίφρος,
757 2195 789 2259 h.
821 2195 842 2259 l.
876 2215 941 2259 non
972 2194 1042 2261 sine
1066 2201 1256 2284 contemptu

219 2315 354 2380 dictum.
380 2314 466 2380 Vide
483 2316 686 2391 κοιλοιμύτνοο,
704 2316 879 2395 ἱεροοούοκοι,
897 2315 1036 2396 μοοζύοκιρ,
1053 2317 1178 2381 similis.
1204 2317 1253 2383 Of.

218 2437 339 2503 demin.
364 2436 470 2519 διφρύον
494 2437 578 2502 uim.
603 2438 686 2502 Lex,
712 2438 797 2504 Plat.
815 2460 846 2525 p.
869 2440 945 2503 233.
963 2439 1036 2503 273.
1055 2439 1164 2523 Δίφρος
1180 2462 1254 2527 syn·

217 2580 300 2647 eope
324 2564 436 2624 natum
463 2564 514 2625 cst
538 2580 555 2624 e
579 2558 700 2641 διφύροι.

261 2680 443 2759 διύβολον
477 2679 563 2767 „duo
595 2679 703 2746 oboli''
735 2681 855 2766 legitur
886 2679 972 2768 apud
996 2680 1251 2769 Aristophanem

217 2803 250 2868 in
274 2803 312 2868 fr.
337 2805 356 2866 3
382 2808 415 2868 et
439 2825 490 2890 ap.
516 2802 762 2889 Theopompum
786 2802 820 2866 in
844 2803 881 2866 fr.
909 2804 969 2867 55:
1004 2802 1137 2878 διιύβολοο
1160 2804 1252 2883 Φέριον

217 2925 286 3002 cosp
321 2923 420 3005 τρέφει
455 2930 593 3003 ρυνοιῖκοο.
631 2922 826 2989 Rectissime
859 2924 941 2989 Poll.
968 2927 999 2988 9.
1026 2926 1086 3002 63:
1123 2924 1174 3006 „rt
1198 2927 1252 3001 μὲν

216 3043 393 3122 τετρώβολον
424 3043 474 3130 κού
502 3042 655 3125 τριώβολον
679 3045 707 3108 ἕν
731 3055 768 3126 τῇ
792 3045 895 3125 χρήσει
918 3045 1086 3127 τέτριοιτοιι·
1114 3044 1166 3133 (cf.
1191 3049 1249 3114 Ar.

214 3167 304 3232 Plut.
332 3168 405 3231 125.
437 3168 523 3232 Xon.
556 3166 643 3232 Hell.
669 3168 699 3231 5.
726 3170 756 3232 2.
782 3169 833 3231 21.
860 3167 947 3232 Plut.
972 3167 1079 3232 Alcib.
1106 3169 1164 3252 35,
1190 3168 1247 3256 al.)

213 3290 243 3355 ιδ
277 3289 307 3353 δὲ
338 3288 471 3366 διιύβολον
494 3291 530 3361 cic
555 3290 601 3354 εὀιὶ
626 3289 701 3353 οιολύ
725 3288 841 3360 λύοντες
865 3288 982 3366 ἔλεγον,
1006 3292 1042 3360 ὡς
1067 3290 1248 3368 Δημοσθένης

212 3414 308 3495 ηούλλ
332 3413 360 3475 ἕν
383 3417 442 3476 τοῖν
464 3409 537 3475 δυοῖν
559 3410 687 3488 ύβολοῖνὲ
701 3410 813 3491 ύεύρουν
829 3408 883 3484 δον,
907 3411 932 3475 si
956 3411 998 3487 μὴ
1017 3410 1096 3474 τοῦτ’
1110 3409 1247 3493 ε’γρούφορ”

206 3535 273 3601 ἔστι
306 3531 337 3598 δὲ
367 3533 416 3597 κού
447 3531 480 3598 st
509 3532 642 3609 διιύβολον
665 3556 694 3596 οι.
718 3557 746 3597 τ.
773 3529 822 3596 λ.”
847 3533 1042 3617 (sequuntur
1064 3531 1127 3594 loci
1151 3532 1248 3595 comi-

203 3675 326 3722 corum
362 3672 460 3739 supra
494 3650 599 3740 dict).
636 3651 732 3716 Adde
767 3651 866 3717 etiam
901 3652 998 3716 Alex.
1033 3655 1063 3716 3.
1088 3654 1162 3718 470.
1196 3654 1245 3722 uf.

196 3777 350 3864 praelat.
375 3777 392 3860 ξ
411 3778 467 3842 34.
493 3777 546 3842 Sic
562 3776 799 3863 Aristophanes
814 3777 848 3841 in
865 3778 902 3842 fr.
922 3779 963 3842 48
982 3777 1059 3841 dicit
1075 3803 1094 3841 τ
1101 3802 1246 3857 ρινμιιο-

191 3900 343 3968 Βύλιον
368 3897 650 3984 („sesquioholus’'
675 3899 718 3962 H.
744 3897 893 3986 Steph),
918 3897 1005 3985 quod
1029 3899 1167 3975 ,λύοντες
1183 3899 1245 3963 ἔλε-

188 4024 282 4091 Ἂν”
311 4020 376 4100 τρύοι
409 4019 585 4096 ἡμιωβέλιον.
609 4019 704 4103 (Poll.
731 4023 761 4086 9.
787 4018 856 4107 64).
880 4020 1070 4098 Ἡμιοοβύλιον
1094 4020 1132 4086 cl.
1156 4021 1243 4085 Xeu.

188 4143 274 4210 An.
305 4146 334 4208 1.
360 4144 389 4207 5.
415 4143 446 4206 6.
469 4141 569 4206 Arist.
595 4142 694 4207 Rhet.
722 4142 750 4209 1.
778 4142 827 4206 14.
852 4141 987 4205 Philem.
1013 4143 1042 4204 4.
1070 4143 1122 4208 19.

254 4264 317 4330 διο
326 4263 398 4344 xlc
419 4261 474 4348 (de
489 4260 655 4351 vehiculo)
675 4283 758 4349 „quo
778 4262 842 4327 duo
859 4264 933 4328 vehi
949 4264 1106 4350 possunt’‘
1122 4264 1243 4350 legitur
