2836 4934
701 295 870 342 Tuosne.

738 523 834 588 XIII.

312 737 388 801 Tac.
412 736 500 801 Ann.
518 735 575 800 VI.
601 737 640 799 21
661 735 761 800 verba
787 755 847 817 „ne
870 734 972 801 index
992 733 1101 799 arcani
1116 729 1304 799 existeret'

268 860 440 926 scribenda
462 865 539 925 eunt
563 865 638 949 poet
660 860 760 926 verba
786 860 833 942 „ie
856 859 1039 925 litterarum
1062 855 1227 943 ignarus.”

738 1133 832 1201 XIV.

311 1353 388 1417 Tac.
420 1352 528 1418 Germ.
557 1352 613 1416 lo:
650 1350 704 1415 Sic
736 1371 837 1415 unum
868 1349 1033 1436 accipiunt
1057 1349 1208 1415 maritum
1235 1370 1304 1435 quo

267 1472 363 1538 modo
387 1493 488 1537 unum
513 1493 630 1558 corpus
654 1493 820 1558 unamque
842 1472 961 1556 vitam,
987 1493 1029 1536 ne
1053 1471 1120 1536 ulla
1142 1470 1305 1556 cogitatio

267 1595 370 1678 ultra,
408 1615 450 1660 no
483 1593 611 1680 longior
646 1591 824 1680 cupiditas,
858 1613 899 1658 ne
932 1599 1098 1679 tamquam
1130 1593 1307 1674 maritum,

268 1715 325 1781 sed
350 1720 514 1802 tamquam
537 1715 779 1780 matrimonium
803 1721 924 1780 ament.

311 1836 496 1902 Delendum
520 1835 649 1901 videtur
672 1836 761 1922 prius
789 1833 1006 1921 „tamquam''.

750 2109 825 2172 XV.

314 2322 391 2386 Tac.
424 2321 534 2387 Germ.
562 2324 596 2386 1:
630 2322 785 2407 Rhenus,
817 2323 1029 2390 Raeticarum
1059 2324 1191 2412 Alpium
1216 2328 1310 2394 inac-

269 2464 360 2508 ceeeo
396 2464 433 2508 ac
467 2443 637 2531 praecipiti
672 2444 796 2510 vortice
831 2451 938 2529 ortus,
979 2445 1106 2512 modico
1143 2448 1235 2514 flexu
1270 2450 1309 2515 in

271 2562 473 2628 occidentem
497 2585 610 2628 verene
634 2565 883 2651 septentrionali
908 2565 1039 2631 Oceano
1065 2567 1232 2632 miscetur.

314 2685 425 2751 Verba
459 2685 604 2768 „modico
637 2686 747 2752 flexu’'
779 2708 846 2752 non
878 2685 918 2753 de
952 2688 1041 2754 flexu
1072 2689 1149 2754 inde
1181 2711 1202 2755 a
1234 2693 1314 2760 lacu

270 2807 463 2893 Brigantino
500 2807 607 2891 (Low)
644 2828 705 2873 noc
738 2807 778 2873 dc
809 2808 865 2874 illo
896 2809 931 2872 in
963 2808 1083 2873 nostrie
1114 2810 1313 2896 regionibus

271 2927 393 3013 (Kritz)
416 2929 641 3014 intellegenda
668 2935 760 3014 eunt,
786 2929 843 2995 eod
867 2930 908 2995 ad
937 2936 1046 3004 totum
1070 2932 1215 2998 fluminio
1238 2956 1316 3001 cur·

271 3071 341 3115 eum
366 3054 525 3136 spectant.

741 3250 834 3316 XVI.

316 3464 448 3528 Tacitus
473 3464 561 3529 heeft
585 3485 626 3550 op
650 3465 800 3530 Tiberius
824 3465 962 3552 ‹likwijle
987 3473 1043 3533 ten
1067 3468 1224 3535 onrechte
1244 3493 1314 3538 een

272 3586 448 3671 ongnnstig
472 3584 552 3649 licht
576 3606 761 3672 geworpen.

731 3829 840 3893 XVII.

316 4039 473 4107 Velleiue’
497 4040 664 4126 uitepraak
688 4040 776 4124 (Lib.
799 4041 843 4106 II.
868 4043 904 4108 O.
930 4047 983 4108 33.
1006 4047 1025 4129 ξ
1049 4047 1097 4129 l):
1125 4047 1312 4129 „Lucullus

272 4164 418 4228 ultimam
442 4162 528 4227 bello
552 4184 683 4227 manum
706 4184 811 4249 paene
835 4165 937 4250 magis
961 4167 1112 4232 noluerat
1135 4168 1314 4257 imponere

274 4305 371 4372 qnam
395 4305 460 4348 non
484 4282 658 4370 potuerat’'
681 4282 710 4347 ie
734 4283 866 4369 cnjuiet.
