2836 4934
635 313 789 395 Θρανίδιον.
1161 315 1223 380 149

192 556 224 620 τὸ
245 555 397 622 tirannos
412 555 482 622 ίτου
498 557 538 622 τά
556 557 687 637 δέρματα
703 557 870 623 ἐκτείνεται.
896 559 946 624 Of.
963 557 1131 640 άθράνεντος
1148 559 1179 644 (i.
1196 580 1224 624 e.

192 676 353 765 ἄστρωτος)
378 681 455 746 Ευι.
480 681 516 744 fr.
543 682 618 745 573.
649 681 761 746 Verba
784 680 1026 747 denominativa
1048 682 1158 766 (θράνος
1184 712 1224 740 =

191 802 288 881 θρῆνυς
312 799 399 887 apud
424 801 537 886 Hom.)
560 801 595 865 in
618 798 685 865 -ειίο
709 801 783 867 vide
807 801 848 866 ad
872 803 962 868 verb.
987 800 1127 882 ἕντερεθο.

237 921 408 1002 θρανίθιου
439 922 559 1008 legitur
582 921 668 1010 apud
691 923 859 1010 Aristoph.
882 923 917 988 in
941 924 979 989 fr.
1004 926 1088 1008 3993
1113 945 1226 989 seeun-

191 1042 271 1109 dum
295 1043 419 1109 Polluo.
447 1045 497 1109 10.
523 1046 564 1109 47
590 1065 693 1130 genus
713 1050 763 1110 ost
780 1045 888 1110 sellae.
913 1046 1160 1111 Dominutivum
1176 1051 1226 1111 est

191 1163 281 1229 vocis
304 1164 420 1243 θρανίον.
445 1164 494 1230 ef.
517 1165 652 1252 praefat.
679 1169 698 1251 ξ
719 1168 748 1231 7.
775 1167 893 1246 Θρανίον
918 1171 951 1233 et
973 1167 1081 1254 ipsum
1105 1167 1225 1233 demin.

192 1288 243 1348 est
269 1281 372 1371 (voois
395 1286 518 1372 θράνος).

236 1402 460 1484 θραυσάντυξ
494 1404 665 1492 „frangens
698 1407 809 1472 orbem
837 1406 971 1472 ourrus”
995 1407 1116 1494 legitur
1139 1408 1226 1496 apud

191 1525 449 1614 Aristophanem
471 1529 506 1593 in
530 1528 616 1595 Nub.
637 1552 667 1595 v.
684 1531 786 1596 1264:
810 1526 831 1594 ὦ
847 1532 951 1610 σκληρὲ
967 1530 1079 1607 δαῖμον,
1095 1526 1117 1595 ὦ
1132 1531 1226 1613 τύχαι

190 1649 408 1729 θραυσάντυγες
430 1646 525 1715 ίττοιν
549 1652 634 1728 ἐμῶν.
660 1650 786 1716 Sohol.:
810 1652 973 1734 Εὐφρόνιος
989 1651 1071 1733 παρά
1095 1659 1229 1721 Ξενοκλεῖ

189 1779 281 1854 φασιν
310 1767 382 1837 εἶναι
413 1772 446 1838 τὸ
472 1772 694 1854 χρνοάντυγες,
724 1772 763 1851 ἕξ
784 1771 822 1839 οὗ
845 1776 1165 1854 ταρατετοιῆσθιιι
1188 1774 1225 1839 τί

189 1893 467 1973 θραυσάντυγες.
498 1935 548 1983 ¹-
583 1894 666 1962 Vide
689 1895 785 1982 praef
802 1901 826 1963 t.
850 1898 868 1980 ξ
892 1898 922 1961 8.
959 1896 1008 1962 De
1031 1896 1225 1962 formatione

190 2016 231 2082 ef.
255 2014 508 2097 βορβοροτάραξις.

236 2136 358 2218 θρέττε
388 2137 461 2222 (τίν)
493 2169 534 2192 =
567 2137 600 2204 τὸ
631 2139 783 2219 θαρραλέον
813 2138 964 2224 (Senot),
998 2137 1030 2203 τὸ
1062 2137 1184 2219 άνθρεῖον
1208 2138 1224 2214 ἢ

190 2258 280 2338 θρασύ
304 2257 485 2347 (Hesyoh.).
518 2259 723 2325 Vocabulum
748 2265 798 2325 est
822 2260 997 2342 ἕτιφθνιρμα
1021 2260 1088 2326 sive
1112 2259 1225 2325 adver-

191 2381 285 2447 bium
316 2380 571 2467 adhortationis,
602 2382 641 2447 of.
673 2382 737 2466 άριί,
762 2383 844 2448 σίττε
870 2381 1035 2471 (Eustath.
1063 2383 1103 2447 ad
1128 2383 1157 2447 Il
1191 2407 1223 2471 p.

191 2504 268 2568 855.
288 2505 359 2588 19),
393 2503 565 2581 θρεττανελί
592 2504 680 2568 Plut.
706 2506 781 2570 290.
807 2507 891 2588 296,
921 2503 1115 2586 φλαττοθρατ
1138 2506 1222 2571 Ran.

193 2626 299 2709 1286,
323 2624 454 2699 τήνελλα
470 2624 553 2691 Aah.
573 2626 668 2689 1227.
694 2625 753 2712 Eq.
771 2627 845 2690 276.
870 2625 1008 2712 Legitur
1023 2624 1118 2706 θρέττε
1136 2625 1223 2713 apud

190 2745 447 2835 Aristophanem
474 2746 509 2811 in
532 2745 591 2833 Eq.
617 2769 646 2811 v.
675 2749 731 2812 li:
756 2744 828 2811 άλλ’
851 2749 902 2813 οὐκ
925 2747 962 2811 ἔνι
987 2771 1036 2824 μοι
1059 2747 1092 2811 τὸ
1116 2746 1221 2828 θρέττε.

191 2908 231 2917 -
257 2866 343 2933 Vide
366 2867 502 2955 praefat.
526 2869 544 2952 g
569 2869 597 2932 6.

234 2987 408 3069 θρίαμβος
435 3009 586 3072 „carmen
609 2985 833 3071 Baoohioum”‚
861 2987 1020 3075 „hymnus
1043 2990 1077 3053 in
1097 2989 1221 3076 Diony·

190 3110 283 3176 sum'’
307 3115 358 3176 est
381 3108 467 3196 apud
491 3109 660 3175 Cratinum
682 3110 716 3172 in
739 3108 777 3173 fr.
804 3111 863 3176 36:
893 3107 943 3174 ίτε
967 3110 1003 3175 σὺ
1026 3111 1091 3182 τοὺς
1114 3112 1221 3184 καλοὺς

189 3227 347 3309 θριάμβους
375 3221 545 3308 άναριίτουσ’
570 3229 753 3309 άτνχθάνου.
789 3229 942 3308 Θρίαμβος
967 3250 1147 3315 cognomen
1171 3236 1221 3294 est

189 3353 328 3439 Dionysi
359 3373 410 3438 ap.
442 3350 483 3414 D.
517 3350 579 3416 sic.
613 3352 645 3417 4.
671 3353 701 3415 5.
726 3350 813 3415 Plut.
837 3350 980 3416 Marcell.
1008 3352 1059 3415 22.
1083 3352 1163 3416 Ath.
1192 3354 1219 3420 l.
1258 3370 1261 3376 ’

190 3475 233 3538 30
249 3472 280 3537 1).
305 3470 406 3558 Apud
430 3470 599 3537 historicos
623 3492 772 3536 romanos
797 3477 846 3536 est
872 3472 1105 3560 „triumphus''.
1130 3474 1217 3539 Plut.

189 3594 282 3682 Popl.
308 3594 361 3660 23.
399 3592 490 3657 Caes.
524 3593 576 3659 55.
612 3591 693 3658 Fab.
716 3590 760 3656 M.
786 3592 839 3658 24.
875 3591 941 3657 nio.
966 3592 1018 3656 22.
1056 3631 1096 3640 -
1132 3592 1218 3657 Vide

190 3714 324 3803 praefat.
348 3716 366 3799 ὅ
389 3712 459 3790 2β.
488 3712 534 3778 cf.
562 3733 631 3778 voe.
657 3711 972 3796 θριαμβοδιθύραμβος,
997 3733 1116 3777 nomen
1141 3712 1218 3777 Dio·

190 3839 259 3925 nysi
285 3860 336 3925 ap.
362 3836 485 3902 Protin.
512 3836 603 3924 (Ath.
630 3837 680 3899 14.
707 3838 769 3900 617
795 3834 840 3918 t).

232 3959 423 4042 θριδακινίς
450 3957 651 4042 „laotuoula”
675 3962 768 4023 extat
791 3956 878 4044 apud
903 3957 1017 4023 Stratt.
1041 3958 1076 4021 in
1100 3957 1137 4021 fr.
1163 3961 1215 4025 66.

194 4103 219 4146 v.
237 4084 274 4147 6:
297 4081 400 4163 χοροὺς
423 4081 588 4146 ἑλίσσουσαι
603 4078 673 4161 παρ’
690 4078 937 4156 otiosissimis
954 4080 1002 4143 καί
1019 4079 1214 4158 θριδακινίδων.

192 4203 435 4271 Dominutivum
458 4209 508 4269 est
531 4203 619 4269 voois
643 4200 780 4283 θριθακίνκ
804 4201 971 4288 (Hippoor.
996 4201 1114 4265 Eubul.
1136 4202 1214 4266 Am·

192 4327 270 4412 phis.
295 4324 493 4413 Theophr.);
526 4325 625 4390 etiam
651 4322 862 4388 inveniuntur
886 4321 999 4407 θρίδαξ,
1026 4323 1159 4402 θριδάκιον
1181 4328 1214 4390 et
