2836 4934
266 286 306 348 10
658 283 898 361 Ἀκατούβλκτις.

262 527 339 594 Pae.
373 549 403 594 v.
441 529 543 594 1078:
582 531 626 608 κύ
660 528 752 594 κώδιον
786 529 946 602 ἀκαλανθὶς
979 530 1151 609 ἐπειγομένη
1183 531 1291 613 τυφλοὶ

261 647 370 731 τίκτει,
408 646 538 713 videtur
576 647 834 735 intellegendum
871 670 942 715 eese
974 649 1015 716 de
1050 648 1181 735 „eane”‚
1206 671 1290 736 quae

262 768 367 848 τυφλοὶ
396 767 487 833 τίκτει
517 768 635 833 κυνίδια.
667 769 707 834 ef.
735 770 879 857 Heeyeh.
903 771 959 858 qui
982 792 1040 858 per
1062 777 1192 852 ταχεῖαν
1216 772 1289 837 κύνα

261 894 296 954 et
330 875 430 954 sohel.
464 890 527 955 Av.
563 893 645 975 873,
677 891 732 978 qui
762 912 820 978 per
850 892 922 957 κύνα
952 893 1186 980 interpretatur
1217 914 1287 959 voe.

260 1009 430 1082 οὶκαλανύίς.
464 1009 504 1075 ef.
536 1010 644 1076 Sohol.
669 1011 746 1078 Pae.
773 1013 876 1078 1078:
910 1017 1028 1093 ,ταῦτα
1052 1011 1081 1076 δὲ
1103 1011 1204 1076 σαντα
1228 1012 1291 1076 ἐστι’·

260 1130 343 1206 endec
373 1131 545 1206 ἀδιανοήτως
577 1131 721 1215 ἔφρασεν,
745 1132 777 1197 τὸ
801 1135 919 1214 οὶσαφὲς
942 1138 997 1198 τῶν
1020 1139 1161 1214 χρκσμῶν
1184 1133 1290 1210 μιμού-

259 1251 372 1328 μενος”.
394 1254 511 1326 οέκανύίς
536 1251 728 1342 (carduelis)
753 1259 803 1319 eet
826 1276 878 1343 ap.
901 1254 1039 1322 Aristot.
1063 1255 1107 1322 H.
1134 1255 1175 1320 Α.
1201 1257 1232 1319 8.
1258 1255 1289 1320 5.

259 1375 394 1441 Theoor.
426 1378 455 1441 7.
491 1377 563 1441 14].
594 1376 716 1462 Agath.
749 1379 791 1442 25
825 1376 880 1464 (V.
910 1373 1011 1464 292),
1037 1376 1213 1448 anatome
1237 1399 1288 1465 ap.

259 1497 376 1562 Eubul.
408 1499 436 1562 3.
468 1499 543 1562 268.
568 1498 705 1563 Aristot.
729 1498 770 1563 H.
795 1498 835 1563 Α.
861 1502 892 1565 8.
917 1500 947 1563 3.
972 1499 1044 1564 Ael.
1068 1498 1109 1564 N.
1134 1499 1174 1564 Α.
1199 1501 1230 1566 4.
1257 1501 1289 1566 5.

304 1616 565 1695 οὶκατύβλκτος
601 1618 797 1684 adieetivum
839 1619 915 1707 „qui
953 1619 1037 1684 deiei
1072 1639 1139 1685 non
1161 1624 1287 1706 potest,

259 1739 511 1828 insuperabilie'’
535 1740 665 1827 proprie
689 1746 740 1805 eet
762 1740 956 1805 vocabulum
979 1739 1207 1826 palaestricum
1231 1736 1288 1827 (ef.

260 1863 396 1929 verbum
419 1861 608 1939 καταβαλεῖν
630 1863 665 1926 in
692 1861 750 1928 Ar.
772 1863 872 1949 Veap.
896 1884 926 1927 v.
955 1859 1074 1950 1385),
1099 1861 1140 1927 ab
1162 1861 1290 1926 Aristo-

260 1983 369 2070 phane
384 1986 559 2069 uenrpatur
574 1982 694 2048 loeutio
711 1980 816 2059 λύγος
831 1982 1045 2061 ύκατύβλκτος
1063 1981 1163 2071 (Nub.
1177 1984 1287 2067 1229),

259 2103 279 2167 i.
310 2123 337 2168 e.
367 2103 511 2177 ύύττκτος
543 2099 694 2190 (Schol.).
728 2103 768 2170 ef.
799 2104 936 2191 praefat.
966 2107 985 2189 ἓ
1015 2107 1084 2187 3ε,
1116 2105 1173 2170 ubi
1195 2105 1290 2192 plura

259 2223 419 2309 exempla.
444 2223 608 2295 ο1.οἰττύς
632 2224 744 2307 (λόγος)
767 2226 853 2291 Plat.
875 2225 975 2291 Polit.
1000 2226 1064 2290 534
1089 2224 1126 2291 Ο.
1153 2225 1204 2291 De
1227 2225 1290 2292 for·

260 2345 402 2410 matione
425 2343 500 2410 vide
523 2344 675 2425 ύιγρυκτος.

303 2466 467 2538 οὶκέαννος
506 2465 697 2552 „leguminis
734 2464 871 2530 durioris
905 2485 1026 2551 genus,
1062 2465 1149 2552 quod
1182 2466 1288 2552 frangi

258 2585 390 2675 nequit''
413 2587 534 2675 legitur
556 2588 642 2675 apud
665 2587 895 2653 Pherecratem
918 2588 953 2651 in
976 2586 1014 2652 fr.
1042 2589 1119 2652 188:
1140 2587 1285 2673 κυύμοος,

256 2709 394 2796 aeduam
424 2708 521 2794 ζειὰς,
550 2707 652 2795 αἴρας,
675 2707 839 2781 οὶκεύννονς.
863 2707 900 2772 of.
925 2702 1074 2773 Euetath.
1103 2708 1206 2793 1528,
1232 2709 1285 2774 45.

256 2829 370 2896 νἰκέανοι
399 2830 440 2893 τοὶ
469 2831 498 2892 ἐν
528 2834 635 2911 φακοῖς
665 2827 837 2908 στρογγύλα
867 2829 916 2892 καὶ
948 2828 1141 2894 δυσκύτακτα
1171 2827 1285 2909 ὄσπρια.

257 2950 349 3017 Idem
373 2950 491 3016 docent
514 2950 619 3016 Bekk.
643 2950 706 3016 An.
732 2952 807 3027 371,
832 2952 849 3014 7
868 2956 901 3015 et
916 2949 1080 3036 Hesyoh.,
1100 2951 1156 3036 qni
1175 2949 1283 3017 addit:

255 3072 278 3136 οἱ
302 3071 331 3136 δὲ
354 3071 472 3149 σπέρμα
495 3074 553 3152 οὐχ
572 3071 710 3151 ἓψύμενον
725 3072 787 3138 οὐδὲ
802 3072 1001 3150 διαιρούμενον.
1029 3073 1170 3152 „Veram
1187 3073 1284 3160 origi·

257 3194 423 3259 nationem
456 3194 619 3279 ignotam,
654 3193 887 3281 paenultimam
920 3193 1051 3279 longam
1086 3213 1158 3258 esee
1189 3193 1285 3258 doeet

257 3312 401 3381 Lobeok.
424 3313 553 3380 Pathol.
577 3314 658 3400 prol.
686 3311 767 3378 18Ο”
791 3313 934 3398 (Koek.).
957 3313 997 3381 of.
1022 3313 1148 3402 praefat
1170 3317 1189 3399 ἓ
1212 3316 1231 3380 3
1256 3314 1284 3395 ζ.

301 3433 505 3512 ύκερματία
539 3433 644 3515 „vitae
676 3431 822 3498 eondioio
856 3433 942 3516 eius,
975 3434 1031 3519 qui
1054 3454 1096 3498 ne
1119 3438 1284 3499 monetam

257 3552 389 3640 quidem
411 3553 620 3618 minutionem
642 3551 761 3618 habet'‘
784 3553 904 3639 iegitur
927 3553 1013 3641 apud
1029 3553 1284 3640 Aristophanem

257 3675 292 3740 in
314 3674 352 3739 fr.
380 3677 430 3740 15.
455 3675 495 3743 of.
511 3675 594 3742 Poll.
613 3678 642 3739 9.
661 3677 720 3740 89:
737 3676 919 3757 οὲκερματύα·
935 3674 968 3739 τὸ
984 3677 1025 3751 μὴ
1042 3675 1121 3755 ἔχειν
1136 3675 1283 3753 κέρματα.

257 3795 296 3861 of.
325 3795 419 3876 κέρμα
450 3818 503 3883 κιρ.
526 3797 643 3862 Eubul.
669 3798 699 3862 3.
725 3800 799 3863 245.
821 3797 878 3862 Ar.
901 3797 987 3862 Plut.
1013 3797 1086 3861 379.
1110 3796 1204 3862 Dem.
1229 3800 1283 3863 21.

158 3916 161 3921 ’
260 3919 332 4002 107,
356 3923 390 3984 et
413 3918 552 4006 sequior.
576 3919 728 3999 κερμύτιον
750 3918 926 4006 Philippid.
952 3921 982 3982 4.
999 3920 1074 3983 474.
1099 3919 1186 4021 Fiet.
1202 3918 1285 3986 eim.

260 4041 309 4105 10.
334 4039 384 4104 De
407 4038 600 4105 formatione
624 4039 663 4106 ef.
686 4038 854 4116 ύγαλαξία.

301 4160 566 4238 ύκολύστασμα
600 4160 739 4243 „iactum
763 4160 964 4247 petulantiae
988 4158 1139 4247 plenum'’
1163 4160 1285 4247 legitur

256 4282 423 4370 Aristoph.
454 4284 531 4369 Lyn.
564 4285 646 4349 398:
669 4285 779 4348 τοιαῦτ’
802 4283 856 4347 νύκτ’
879 4284 973 4348 αὐτῶν
996 4284 1073 4347 ἐστιν
1094 4283 1285 4349 ύκολαστούσ-
