2836 4934
253 298 293 362 14
625 299 899 379 Ἀλλοτριίρνωμος.

249 551 363 629 petrin
393 542 414 610 ὦ
443 545 571 642 reverita
600 541 822 612 ἀλλαντοπῶλα
846 545 899 636 (Β.
922 547 972 612 A:
996 545 1213 634 ε’ντεροπάλνς).
1236 547 1278 615 ef.

250 687 319 733 voe.
343 666 552 741 ἀλλαντοποιίς
576 673 610 734 et
624 668 817 745 κοιλιοπάλης.
834 668 874 734 ef.
890 668 988 756 praef.
1004 670 1022 754 ξ
1038 668 1105 745 3β.
1127 667 1279 735 Ἀλλαν-

251 797 422 857 τοποιλεῖν
462 791 598 858 verbum
643 792 829 875 „sarcimine
870 789 994 857 vend0”
1034 792 1154 878 legitur
1191 792 1278 879 apud

251 911 415 998 Aristoph.
450 912 508 999 Eq.
542 935 571 978 v.
606 913 699 978 1242.
727 911 822 978 1246.
854 910 955 979 1398:
991 913 1039 977 ε’πί
1074 921 1141 985 ταῖς
1177 914 1278 986 πίλοις

249 1034 509 1108 ἀλλαντοπωλήσει
540 1031 634 1111 μόνος.
662 1032 1052 1110 οί.ο(1νοο.ἀγριοποιίς.
1085 1032 1278 1120 Gatelogum

251 1154 502 1241 compositorum
513 1175 587 1220 eum
597 1154 845 1229 τοοο-τοίλος
857 1155 1038 1222 debitPoll.
1049 1158 1277 1221 7.196-199.

296 1275 604 1356 ἀλλοτριίγνοιμος
639 1275 765 1358 „aliena
794 1276 829 1340 in
852 1282 962 1342 mente
985 1275 1131 1341 habens”
1156 1276 1278 1363 legitur

252 1394 338 1481 apud
362 1393 530 1460 Cratinum
553 1395 588 1459 in
611 1396 649 1463 fr.
676 1397 755 1460 154:
786 1394 1062 1480 ἀλλοτριογνοίμοις,
1085 1396 1278 1479 ε’πιλίομοοι,

252 1523 471 1594 μοιραονικοίοιν.
495 1515 534 1580 ef.
558 1515 663 1582 Bekk.
686 1514 812 1581 Aneod.
838 1517 919 1592 385,
945 1518 981 1582 7:
1009 1515 1278 1594 ἀλλοτριίγνωμος·

253 1639 386 1715 πημαίνει
416 1640 430 1703 ὅ
460 1637 501 1703 τά
521 1638 663 1717 ἀλλίτρια
686 1638 714 1702 ἐν
737 1636 839 1720 γνώμῃ
862 1608 939 1718 ἔχίιν
961 1636 1010 1701 καὶ
1035 1639 1078 1714 μίν
1101 1637 1142 1727 τά
1164 1636 1279 1702 imi.

257 1761 386 1846 „itaque
415 1759 503 1824 idem
532 1765 583 1825 est
613 1758 700 1845 quod
731 1757 1004 1838 πολοπραγμοιῶο”
1035 1757 1180 1843 (Koek.).
1227 1756 1279 1822 De

251 1882 371 1969 forme,
396 1882 423 1947 si
445 1903 575 1948 sensum
599 1886 799 1968 spectemus,
823 1880 961 1946 conferri
979 1885 1088 1967 potest
1111 1876 1280 1963 ρἰδοφοίτνς.

253 2003 300 2068 Of.
323 2002 456 2090 praefat.
480 2004 497 2086 ξ
523 2008 537 2066 1
556 2026 589 2081 τ.

296 2122 413 2188 ἀλοάιο
430 2121 591 2209 signifieat
609 2123 657 2204 »ἐν
668 2122 764 2202 κύκλῳ
780 2121 937 2206 περιάγειν,
950 2143 1009 2209 per
1021 2122 1131 2189 orbem
1144 2123 1279 2188 eircum-

252 2243 379 2331 agere'’‚
402 2246 439 2318 ἀς
461 2245 486 2310 οἱ
508 2246 537 2309 ἕν
559 2251 626 2317 ταῖς
648 2242 756 2326 ἀλιοοιν
779 2243 866 2331 apud
889 2244 1057 2331 Aristoph.
1081 2244 1212 2309 Theem.
1239 2246 1277 2311 2:

252 2370 362 2433 ἀπολεῖ
389 2369 422 2445 μ’
451 2370 543 2432 ἀλοῶν
575 2365 735 2452 ἀνίρωπος,
769 2371 802 2431 et
832 2365 868 2431 fr.
901 2368 975 2450 661,
1007 2365 1114 2453 priore
1141 2366 1213 2431 loco
1238 2365 1278 2429 de

252 2485 401 2577 homine:
435 2487 517 2568 „hue
545 2485 622 2551 illue
648 2484 798 2568 ducere”,
823 2486 925 2550 altero
950 2484 990 2550 de
1014 2485 1187 2551 caedendis
1212 2506 1278 2550 ma·
1374 2570 1377 2576 Ι

252 2610 357 2694 xilfis,
385 2608 604 2695 metaphorice
627 2607 737 2693 igitur.
766 2607 805 2672 ef.
829 2607 964 2694 praefat.
990 2609 1008 2692 ξ
1032 2609 1063 2672 2.
1086 2632 1117 2672 α.
1145 2612 1172 2673 1.
1197 2607 1280 2673 Ver·

253 2732 331 2796 bum
353 2730 482 2817 proprie
505 2728 666 2815 signifieat
691 2727 880 2811 „triturare”
905 2751 955 2816 ap.
979 2730 1063 2794 Xen.
1089 2729 1164 2794 Oee.
1180 2730 1229 2793 18.
1247 2731 1278 2793 2.

257 2849 430 2932 „caedere”
459 2849 545 2916 Plut.
576 2848 646 2914 Tib.
678 2849 731 2915 Gr.
763 2851 792 2914 2.
824 2849 862 2914 ef.
894 2851 949 2915 Ar.
982 2851 1065 2916 Ran.
1085 2852 1148 2914 149
1160 2878 1173 2925 ,·
1192 2849 1279 2914 unde

253 2970 444 3058 pervulgato
475 2990 536 3035 usu
566 2970 748 3048 πατραλοίας
780 2974 817 3034 et
837 2971 1017 3049 μητραλοίας
1042 2975 1199 3035 vorentur
1224 2969 1279 3056 qui

253 3096 379 3177 patrem
395 3094 572 3155 matremve
589 3087 738 3154 caedunt.
755 3088 793 3154 οί.
812 3110 931 3155 nomen
947 3091 1125 3176 mythicum
1138 3091 1279 3162 Ἀλοεύς.
1389 3099 1397 3111 “

298 3213 434 3285 ἀλοπος
472 3211 534 3276 adi.
572 3232 798 3298 „squamarum
836 3211 980 3276 nondum
1020 3209 1154 3299 expers''
1189 3212 1210 3279 i.
1248 3234 1278 3298 q.

254 3334 411 3406 ἀλέπιοτος
440 3334 489 3398 καὶ
515 3331 676 3410 ἀκάίαρτος
700 3331 834 3416 (Schol.)
858 3331 899 3424 de
920 3333 988 3398 lino
1010 3311 1162 3419 (ἀαοργίς)
1188 3354 1279 3398 usur·

253 3461 349 3541 patur
372 3453 412 3519 ab
435 3453 602 3539 Aristoph.
625 3453 660 3517 in
683 3453 760 3540 Lys.
784 3474 815 3518 v.
840 3454 913 3518 736.
938 3454 1011 3519 737:
1035 3450 1109 3528 αὕτη
1134 3454 1216 3534 ’τέρα
1231 3455 1278 3518 ε’πί

253 3577 305 3649 τὴν
327 3574 453 3656 ἀμορνιν
476 3577 527 3649 τὴν
550 3572 659 3640 ἀλοπον
682 3572 843 3655 ἐξέρχεται.
867 3574 906 3639 ef.
930 3574 1066 3640 verbum
1084 3574 1164 3639 λε’ποι
1181 3574 1278 3639 Hom.

255 3697 286 3763 Α
309 3699 385 3763 236.
408 3697 516 3779 λεπίζιο
540 3697 627 3785 apud
643 3697 819 3784 aequiores.
843 3697 995 3763 Fortasse
1011 3695 1172 3762 obscoene
1189 3697 1279 3761 notio

255 3819 384 3901 subest,
415 3819 569 3906 quoniam
599 3820 724 3898 ἀμοργίς
755 3819 854 3884 etiam
888 3850 928 3874 =
961 3819 1061 3884 αἰδοῖον
1085 3818 1215 3898 ἀνδρεῖον.
1239 3816 1279 3885 ef.

254 3941 389 4028 praefat.
422 3943 493 4026 ξεί.
528 3938 713 4023 ῃΛέπετίαά
745 3945 872 4021 χρῶνται
906 3941 929 4004 οἱ
954 3942 1096 4014 Ἀθηναῖοι
1120 3940 1167 4003 ἐπί
1191 3940 1280 4004 ἀοελ·

254 4067 325 4139 νοῦς
354 4063 403 4126 καί
427 4065 563 4142 Φορτικῆς
586 4060 620 4125 δι’
642 4060 811 4143 ἀφροδισίων
834 4060 939 4136 ἡδονῆς.
963 4061 1002 4126 ef.
1027 4061 1123 4126 Alex.
1148 4064 1178 4125 3.
1203 4062 1280 4129 404.

254 4180 465 4249 Mneeimach.
489 4182 517 4246 3.
542 4183 605 4245 569
630 4180 743 4265 (Βοίιο.
768 4180 849 4247 Adv.
874 4181 916 4247 H.
940 4183 1016 4249 323.
1039 4182 1197 4266 Meinek).
1230 4183 1281 4248 De

253 4300 356 4366 forma
378 4300 418 4366 ef.
441 4299 599 4382 ἀγίμφιος.
