2836 4934
276 315 315 380 18
698 310 879 392 Ἀμεννόνως.

272 560 304 626 3.
327 560 388 640 48,
413 558 469 623 ubi
493 559 592 623 etiam
615 557 721 638 ἄγονος
739 581 781 625 ex
799 559 1019 647 Aristophane
1037 558 1088 647 (fr.
1107 559 1199 649 735),
1217 561 1305 649 quod

271 684 304 744 et
328 679 368 744 D.
393 680 427 746 0.
452 682 504 745 56.
532 682 573 745 10
596 681 706 746 habet.

315 802 504 882 ripuariam
547 803 803 892 (comparativus
842 804 1052 890 adverbialis)
1091 806 1214 894 legitur
1251 828 1306 894 ap.

270 923 437 1011 Aristoph.
469 925 508 992 fr.
541 927 614 991 340.
646 927 739 992 Haeo
770 927 873 992 forma
903 948 982 992 num
1015 927 1055 992 ab
1087 928 1157 1014 ipso
1182 929 1306 992 comico

270 1046 347 1112 ficta
377 1047 419 1111 sit
449 1049 543 1112 iuxta
573 1049 759 1135 vulgarem,
791 1071 874 1136 quae
907 1055 957 1116 est
987 1048 1103 1127 ἄμεινον
1139 1051 1189 1138 (of.
1221 1073 1251 1116 v.
1275 1071 1305 1118 c.

268 1169 367 1233 Isocr.
400 1171 430 1233 5.
467 1171 546 1236 132:
582 1168 717 1252 ,μῖμεονον
741 1168 909 1256 πράττειν’,
934 1169 1173 1258 comparativus
1196 1175 1247 1235 τοῦ
1272 1167 1306 1235 εὖ

269 1290 419 1374 πράττειν)
443 1291 604 1356 incertum
628 1297 694 1369 est,
721 1292 778 1357 sed
802 1293 977 1358 multarum
1001 1294 1152 1376 aliarum,
1179 1297 1216 1357 ut
1230 1291 1305 1369 βελ-

269 1412 382 1496 τιόνως,
413 1412 564 1493 χειρόνως,
598 1413 733 1485 κοοκοὸνως
766 1420 863 1499 cett,
897 1437 980 1502 quae
1011 1415 1201 1503 pracsertim
1230 1435 1305 1479 curn

269 1534 376 1599 verbis
400 1533 479 1613 ἔχειν
503 1540 536 1600 et
559 1533 717 1600 iscarioten
733 1535 923 1621 iunguntur,
941 1537 1123 1622 analogiam
1140 1536 1306 1623 sequitur;

270 1654 308 1718 ci.
336 1654 436 1741 praef.
460 1656 478 1738 ξ
504 1658 540 1719 11
561 1676 588 1718 a.
614 1654 706 1720 Idem
730 1655 818 1720 valet
842 1655 882 1720 dc
906 1657 1005 1722 verbo
1028 1655 1203 1738 οἱδοοχεῖν,
1227 1655 1248 1718 i.
1273 1676 1304 1720 e.

269 1777 375 1852 κνήοειν
395 1777 562 1860 „scabere,
579 1775 746 1862 scalpere''
764 1798 813 1862 ap.
833 1776 989 1863 Aristoph
1017 1776 1055 1840 ir.
1070 1778 1152 1840 410:
1173 1773 1308 1856 „attexui

269 1898 328 1977 adp
360 1900 449 1962 αὐτοῦ
481 1897 529 1961 τὸν
559 1895 644 1977 ἄχοο’
676 1897 791 1975 ἐκλέγει
823 1897 850 1963 τ’
880 1898 925 1962 ἀεὶ
959 1901 991 1963 ἐκ
1022 1902 1072 1963 τοῦ
1104 1897 1215 1976 γενείου
1247 1897 1304 1970 τοὶς

269 2017 402 2092 rotradi
428 2019 504 2085 Alia
527 2019 629 2084 forma
653 2041 724 2085 esse
748 2019 878 2085 videtur
901 2041 959 2106 pro
984 2041 1038 2103 ea,
1062 2040 1159 2106 quam
1175 2019 1304 2106 Hippo-

268 2148 373 2207 crates
404 2141 572 2228 usurpavit
603 2139 723 2218 οὶδοιξοὲω
756 2140 810 2228 (cf.
842 2138 950 2218 ὀδάξοο,
982 2138 1140 2225 diuiduum,
1177 2137 1302 2217 οδνξέωε

267 2265 421 2352 Hippoor.
445 2258 760 2351 Xenoph.'Antiph.
785 2263 879 2328 Diod.
905 2263 969 2329 Sic.
994 2261 1144 2346 Aeliam).

310 2385 508 2462 οὶμντίοκος
535 2405 672 2470 „parvus
696 2381 776 2461 ἄμης
802 2383 988 2471 (placentae
1012 2404 1116 2469 genus
1139 2382 1300 2468 lacteae)’'

266 2508 386 2593 legitur
409 2505 496 2593 apud
520 2506 719 2572 Teleclidem
743 2508 777 2571 in
801 2507 837 2571 fr.
862 2509 898 2583 1,
917 2529 945 2572 v.
964 2509 1020 2571 12:
1045 2506 1133 2572 irrui
1151 2506 1180 2570 δὲ
1195 2507 1302 2586 κίχλαι

265 2627 334 2706 μετ’
365 2630 535 2706 ἀμητίσκων
567 2629 606 2700 εἷς
631 2629 677 2693 τὸν
700 2626 814 2710 Φάρον
838 2628 1026 2695 εἰσεπέτοντο.
1051 2628 1300 2693 Deminutivum

267 2756 317 2816 est
348 2751 434 2816 vocis
465 2747 563 2833 ἄμης,
598 2771 680 2836 quae
708 2749 828 2835 legitur
852 2772 902 2836 ap.
927 2750 984 2814 Ar.
1009 2750 1043 2813 in
1067 2749 1156 2813 Plut.
1183 2772 1211 2815 v.
1236 2751 1301 2813 999

268 2879 302 2938 et
331 2873 411 2938 Ath.
444 2874 474 2936 6.
507 2873 570 2935 262
597 2893 631 2954 c;
660 2874 707 2936 14.
733 2872 797 2935 644
822 2892 856 2953 c,
880 2870 970 2935 alios.
996 2869 1044 2936 of.
1069 2868 1203 2956 praefat.
1228 2870 1246 2952 ξ
1272 2871 1301 2932 1.

267 2993 417 3058 Pertinet
442 3013 505 3056 vox
529 2990 570 3054 ad
594 2991 795 3056 deminutiva
818 2989 941 3056 blanda
964 2989 1184 3076 (ὑποκοροομός).

311 3112 436 3192 darios
468 3113 554 3199 apud
586 3114 803 3200 Hermippum
826 3114 861 3176 in
885 3114 921 3177 fr.
946 3115 965 3176 3
991 3111 1169 3177 secuudum
1192 3111 1302 3196 Etym.

268 3256 310 3304 m.
331 3236 402 3298 146.
420 3236 462 3298 25
480 3240 529 3299 est
549 3233 707 3320 „agnus'’:
736 3234 787 3317 „ri
804 3233 951 3314 πρόσωπον
966 3234 1069 3310 οὶμνίου
1085 3233 1165 3314 ἔχειν
1180 3230 1301 3304 δονεῖς”.

271 3354 389 3438 „cipitur
424 3358 558 3432 σημαίνει
588 3356 636 3419 τὸν
667 3356 758 3432 οὶμνὸν
788 3355 837 3418 καὶ
869 3355 916 3419 διὰ
947 3361 996 3419 τοῦ
1027 3362 1041 3418 i
1068 3355 1220 3435 γροὶΦετοοι
1252 3359 1301 3418 aa}

267 3474 540 3559 rporapoffc'vsrar't
574 3476 716 3543 Secund.
744 3476 849 3541 Kook.
874 3477 1095 3542 nominativus
1119 3476 1227 3562 potius
1252 3482 1302 3540 est

267 3601 408 3682 οὶμνίον,
433 3597 520 3685 quod
545 3603 594 3663 est
616 3596 816 3682 „agnellus''‚
835 3597 1072 3663 deminuvitum
1090 3598 1177 3664 vocis
1193 3597 1300 3682 οὶμνός,

268 3743 351 3808 quae
374 3721 496 3806 legitur
519 3720 575 3785 Ar.
599 3720 661 3784 Av.
692 3721 783 3784 1559.
808 3719 884 3784 Pac.
910 3720 985 3784 935.
1010 3718 1146 3783 Theocr.
1172 3720 1199 3782 5.
1227 3718 1300 3782 144.

268 3841 354 3907 Vide
385 3841 519 3928 praefat.
550 3842 568 3925 ξ
600 3842 629 3904 7.
661 3840 907 3905 Demiuutivum
931 3842 963 3905 h.
987 3841 1007 3906 l.
1031 3841 1174 3927 pertinet
1197 3839 1238 3904 ad
1262 3860 1302 3904 ca

268 3983 351 4048 quae
377 3967 533 4028 vocantur
553 3959 691 4044 blanda,
707 3961 742 4025 in
759 3962 876 4048 quibus
891 3961 978 4026 inest
995 3961 1190 4042 ὑποκοριομός.
1214 3959 1301 4025 Vide

269 4083 367 4148 etiam
391 4082 432 4147 ad
456 4103 524 4148 voc.
549 4084 689 4161 ἀμνοκῶν.

313 4206 471 4282 ἀμνοκῶν
509 4205 684 4291 „simplex,
720 4203 858 4280 fatuus',
891 4205 1095 4289 προβμτώδνς,
1128 4204 1219 4282 μωρὸς
1250 4206 1301 4269 aa}

163 4363 165 4367 -
268 4326 367 4401 εὐήθης
400 4325 553 4410 (Schol.),
579 4325 699 4411 legitur
723 4325 809 4412 apud
833 4327 1000 4413 Aristoph.
1023 4327 1056 4390 iu
1081 4325 1141 4413 uq.
1166 4350 1193 4392 v.
1218 4328 1301 4392 264:
