2836 4934
609 284 804 364 Βυρσοδεψεῖν.
1180 288 1219 350 71

235 530 469 612 βυρσοδεψεῑν
504 532 611 612 „coria
642 530 855 597 concinnare'’
878 533 999 618 legitur
1022 532 1108 620 apud
1133 533 1222 599 Aris·

192 656 325 742 tophan.
357 653 393 718 in
425 652 512 719 Plut.
544 676 572 719 v.
600 655 670 719 167.
694 655 743 720 uf.
767 654 946 735 βυρσοδέψης
971 655 1030 743 aq.
1057 658 1110 722 44.
1135 656 1220 721 Plat.

190 776 293 843 (lonv.
330 777 392 841 221
412 797 448 860 e,
485 775 767 857 βυρσοπαφλαγών,
808 776 1017 864 βυρσοπώλης,
1051 779 1222 860 βυρσαίετος

190 900 230 984 (s.
255 896 334 988 vu).
359 897 435 963 Alia
458 898 637 985 composite
659 919 733 963 cum
757 920 786 963 v.
811 897 908 979 δεψεῖν
932 904 966 965 et
989 898 1095 979 δέφηςε
1120 916 1222 966 cuono·
1325 953 1329 960 .

190 1019 289 1100 δεψεῖν
321 1023 355 1084 et
385 1018 572 1100 σκυλοδέψης.
603 1020 808 1086 Vocabulum
840 1025 1005 1107 sumptum
1037 1027 1087 1087 est
1115 1045 1133 1088 e
1157 1044 1223 1088 ser·

194 1162 291 1208 moue
314 1141 463 1230 populari
499 1140 722 1229 compositum
745 1146 796 1208 cst
816 1141 1030 1228 obiectivum,
1049 1143 1223 1231 dequibus
1338 1168 1341 1174 ·

192 1263 269 1331 vide
293 1263 333 1330 ad
357 1284 427 1330 voc.
451 1262 622 1345 σξγρνσπονώ.

234 1384 555 1467 βυρσοπαφλαγών
581 1384 755 1467 „coriarius
778 1384 969 1472 Paphlago”
993 1386 1113 1473 legitur
1136 1389 1223 1475 apud

190 1507 359 1596 Aristoph.
383 1508 417 1572 in
441 1507 498 1593 Eq.
522 1529 552 1573 v.
578 1508 638 1573 47:
663 1507 677 1571 i
699 1507 981 1593 βυρσοπαφλαγών,
1006 1510 1155 1576 ὑποπεσὼν
1174 1510 1223 1576 τὸν

190 1630 333 1706 δεσπότην
364 1630 487 1714 ᾔκαλλε.
520 1628 568 1724 Of.
595 1627 776 1710 βυρσοδέψην
799 1629 980 1709 Παφλαγών
1002 1653 1031 1696 v.
1058 1631 1110 1695 44.
1134 1631 1221 1698 Nnb.

191 1757 275 1839 581,
307 1752 496 1833 βυρσοπώλης
526 1752 539 1816 l
569 1749 749 1834 Παφλαγών
780 1773 808 1816 v.
836 1753 909 1817 136.
935 1752 1060 1817 Sahal:
1086 1751 1220 1830 συνέμιξε

188 1875 221 1941 τὸ
252 1874 334 1953 γένος
365 1876 414 1939 sci
446 1875 496 1948 την
525 1869 641 1953 σέχνην.
674 1873 748 1937 Duo
780 1873 926 1938 convicia
952 1873 1083 1939 Cleonis
1106 1874 1159 1939 hio
1182 1875 1217 1940 in

189 2020 256 2064 uno
287 1997 444 2063 vocabulo
476 1995 654 2082 composita
686 1999 772 2059 sunt.
803 1994 1008 2061 Vocabulum
1039 1996 1162 2061 comica
1183 1996 1221 2060 li-

189 2119 299 2184 centia
332 2117 444 2183 fictum
478 2121 607 2182 constat
641 2137 659 2181 e
692 2115 817 2181 duobus
849 2115 1051 2195 nominibus,
1083 2138 1220 2204 quorum

189 2239 278 2327 prius
312 2238 502 2324 qualitatem
533 2236 666 2302 alterius
698 2237 878 2301 accuratius
912 2237 1027 2303 definit
1056 2239 1221 2324 (determi-

190 2357 363 2445 nativum).
389 2359 436 2425 Of.
460 2379 528 2424 voc.
552 2357 741 2438 βυρσαίετος,
767 2357 901 2438 βυρσίνη,
928 2357 1124 2440 βυρσοδεψεῖν.

232 2482 464 2562 βυρσοπώλης
500 2481 574 2567 „qui
608 2480 695 2545 coria
718 2479 852 2545 vendit”
876 2481 996 2566 legitur
1019 2480 1105 2567 apud
1130 2482 1219 2547 Aris·

190 2603 366 2691 topbanem
390 2603 424 2666 in
448 2602 506 2688 aq.
530 2624 560 2668 v.
589 2602 661 2665 136.
690 2605 762 2667 139.
790 2604 860 2666 740.
887 2603 961 2667 862.
987 2604 1062 2668 Pac.
1087 2626 1118 2669 v.
1143 2607 1218 2669 270.

191 2728 272 2791 648;
305 2729 405 2788 ταῦτα
436 2720 461 2787 δ’
493 2720 526 2798 ἦν
557 2723 569 2786 ο’
593 2722 659 2800 δρῶν
682 2721 880 2801 βυρσοπώλης.
912 2721 959 2787 Of.
982 2723 1083 2809 prael.
1107 2725 1124 2807 ἓ
1148 2725 1218 2800 3β.

190 2846 238 2910 Dc
263 2845 457 2909 formatione
480 2843 554 2909 vide
578 2842 619 2907 ad
643 2865 710 2909 voc.
733 2843 906 2921 ώγριοπσνός.
931 2844 1083 2909 Ceterum
1107 2844 1145 2908 cf.
1162 2867 1218 2909 vo-

190 2966 305 3030 cabula
335 2965 613 3044 βυρσοπαφλαγών,
648 2964 836 3048 βυρσαίετος,
860 2964 996 3048 βυρσίνη,
1019 2965 1216 3045 βυρσοδεφεῖν.

189 3087 368 3167 βυρσοδὲφης
400 3087 456 3151 Ar.
488 3085 547 3173 Eq.
579 3088 630 3150 44.
662 3085 746 3149 Plal.
780 3085 880 3151 Oonv.
914 3088 975 3150 221
993 3107 1018 3150 e.
1049 3086 1216 3164 βυρσοπονός

189 3209 343 3275 Dinarch.
375 3231 425 3296 ap.
456 3208 537 3272 Poll.
573 3210 601 3273 7.
638 3209 709 3272 160.
743 3207 930 3295 Composita
953 3229 1026 3272 cum
1049 3232 1079 3273 v.
1104 3209 1216 3285 -πώλης

190 3333 280 3398 dabit
318 3330 400 3396 Poll.
443 3332 472 3394 7.
515 3330 699 3393 106-190.
739 3328 886 3415 Simplex
924 3328 1022 3402 πώλης
1062 3328 1215 3418 (comice)

189 3455 261 3519 vide
286 3474 309 3517 s.
334 3474 363 3516 v.

228 3575 452 3653 βαλονοπεῖν
489 3571 620 3657 „glebas
656 3569 767 3635 scindo
797 3572 850 3636 vel
881 3571 1012 3657 frango,
1037 3569 1131 3636 occo'’
1156 3572 1213 3656 (H.

191 3696 312 3784 steph.)
335 3694 457 3780 legitur
479 3692 566 3781 apud
590 3691 843 3778 Aristophanem
866 3693 900 3756 in
923 3693 960 3757 fr.
979 3696 1051 3757 761.
1079 3693 1126 3758 of.
1143 3714 1203 3758 voc

190 3818 402 3899 βωλσστρσφεῑν
427 3814 619 3903 Geoponic„
642 3813 821 3889 βαλοσσμεῖν
841 3815 998 3900 sequior.;
1023 3814 1063 3880 ad
1079 3815 1212 3880 formem

191 3937 667 4020 11.δενδρσκσπεῒνΧου.Μου].
693 3938 721 4001 2.
749 3943 777 4003 l.
804 3938 855 4000 13.
887 3937 1056 4001 Demosth.
1087 3941 1134 4000 18.
1160 3940 1213 4002 90.

193 4067 348 4140 κρεσκοπεῖν
372 4058 491 4125 Aesch.
516 4058 606 4124 Pers.
631 4059 706 4125 455.
731 4058 805 4123 Eur.
830 4054 914 4144 Cycl.
941 4060 1016 4122 358.
1047 4055 1214 4132 ξυλοκσπεῖν

194 4179 304 4268 Polyb.
330 4183 359 4245 6.
385 4181 437 4244 38.
465 4182 492 4263 1,
520 4178 646 4242 similia.
670 4178 755 4243 Vide
779 4179 914 4266 praelat.
930 4181 948 4263 ξ
965 4181 1021 4242 31.
1047 4179 1214 4245 Deforme

196 4301 227 4366 ci.
250 4301 421 4383 ώγρνοποώ.
