2836 4934
600 305 845 372 Διασανλοῦσίαι.
1151 306 1152 310 ’
1198 306 1240 369 95

207 575 259 640 op.
283 552 501 640 Hermippum
516 552 550 617 in
566 552 604 620 fr.
620 554 671 636 71,
691 556 724 617 et
740 551 830 616 verb.
855 549 1000 615 σαικωνί
1005 572 1063 614 σαι
1081 570 1132 636 ep.
1150 547 1240 613 Aris·

206 676 298 763 toph.
321 677 356 740 in
379 675 416 740 fr.
441 677 516 741 849,
558 673 765 741 Oonferende
788 679 864 738 eunt
889 673 988 740 etiam
1012 687 1240 754 σαυλοπρωκ-

205 801 297 885 πιῖιν,
314 797 401 885 quod
419 802 469 863 est
488 817 640 879 „eovere,
656 797 767 862 olnnes
783 795 925 862 molliter
941 797 1081 882 agitare,
1097 795 1138 861 τδι
1153 795 1240 877 ἰσχία

204 915 381 998 περισποῖν”,
415 919 450 984 in
484 918 585 1006 Vosp.
609 941 639 984 v.
668 920 771 983 1173:
803 918 852 983 καί
884 920 941 997 μὴν
972 917 1172 999 προίνριοῦααί
1203 942 1241 996 νε

204 1042 444 1119 σαυλοπρωκτιᾶν
457 1044 491 1105 ot
503 1038 618 1106 eadem
631 1040 764 1106 notione
776 1039 806 1105 δι
814 1042 1060 1106 ασανλοῦσθαι
1072 1039 1239 1127 Aristoph.

203 1163 241 1228 fr.
268 1165 349 1230 624:
374 1163 423 1245 ὁρῶ
447 1165 506 1246 γὰρ
530 1167 566 1238 ὥς
589 1163 758 1248 σσόαφακα
781 1163 1033 1242 διασανλοιίμενον.
1060 1163 1108 1229 Of.
1131 1168 1240 1233 σαῦλος

205 1316 248 1340 =
272 1286 428 1366 τρυφερός,
461 1290 567 1368 κοῦφος
599 1287 695 1353 Hom.
720 1286 753 1352 h.
777 1286 916 1352 Meronr.
941 1288 995 1351 28.
1018 1285 1176 1352 Simonid.
1200 1284 1238 1350 tr.

207 1410 258 1473 16.
282 1409 401 1475 Aneor.
425 1408 463 1473 fr.
490 1410 571 1492 165,
595 1409 771 1474 σανλοῦσίαι
797 1439 837 1463 =
862 1407 959 1489 οὶβρῶς
983 1406 1141 1486 διαβαίνειν
1160 1407 1238 1471 Eur.

204 1528 294 1615 Oyol.
317 1531 369 1594 40.
391 1530 500 1616 Etym.
517 1552 559 1595 m.
578 1533 653 1596 270.
672 1533 725 1598 40.
749 1531 860 1597 Verba
875 1532 1043 1619 pertinent
1059 1530 1100 1597 ed
1118 1532 1239 1597 oomioe

203 1650 299 1735 fiete,
330 1657 513 1739 praeterr.
537 1653 779 1734 διασανκοῦσίαι,
806 1652 892 1741 quod
917 1653 958 1718 ed
981 1674 1121 1741 oompos.
1147 1675 1239 1741 preo-

202 1769 413 1856 positionelie
436 1771 644 1838 referendum
660 1779 721 1840 est.
744 1774 903 1838 Attamen
919 1773 1016 1838 leotio
1034 1794 1100 1839 non
1116 1773 1237 1860 ubique

203 1896 295 1957 oerta
333 1898 383 1957 est
422 1914 481 1959 neo
515 1894 687 1981 perspicua
725 1893 937 1980 significatio,
976 1893 1167 1981 praesertim
1203 1894 1236 1957 in

203 2012 306 2100 Vesp.
334 2015 417 2077 1169
441 2013 548 2080 adhue
572 2014 632 2079 sub
655 2013 763 2080 indice
787 2015 826 2079 lis
848 2019 916 2098 ost;
939 2012 978 2078 ef.
995 2011 1110 2100 Bloyd.
1127 2018 1237 2078 annot.

204 2136 308 2200 oritio.

248 2257 531 2324 διασανιιοῦσίαι
558 2257 633 2324 vide
657 2258 698 2323 ed
723 2256 941 2338 διασαλακνινίζ
961 2305 969 2321 .

248 2378 520 2461 διασκανδικίζιι
562 2380 679 2463 „alioui
717 2380 900 2446 seandioem
936 2378 1129 2463 obtrudere,
1160 2379 1182 2443 i.
1207 2400 1236 2444 e.

202 2502 331 2589 lepores
354 2502 494 2567 insulsos
509 2501 725 2590 Euripideos”
744 2500 925 2590 (Bleydos.)
943 2501 1063 2588 legitur
1078 2523 1130 2590 ep.
1147 2501 1236 2566 Aris·

202 2624 292 2711 toph.
318 2624 352 2688 in
376 2621 435 2711 Eq.
460 2645 491 2691 v.
511 2622 567 2687 19':
593 2629 653 2696 πῶς
676 2610 718 2688 διν
735 2622 842 2700 εἴποιμ’
865 2621 901 2687 ier
924 2627 1169 2705 κομψευριπικῶς;
1194 2622 1236 2696 μὴ

201 2743 442 2827 διασκανδικίσῃς.
467 2744 592 2810 Sohol.:
615 2744 812 2827 διενριπιδίσρς
837 2741 870 2833 (ἡ
895 2745 954 2824 γαρ
973 2744 1068 2824 μήτηρ
1084 2743 1235 2825 Εὐριπίδου

200 2865 358 2939 σκάνδικας
392 2865 587 2951 ἐπίπρασκεν,
618 2863 635 2931 ὅ
664 2867 740 2932 ἕσσιν
770 2863 862 2947 ἄγρια
893 2864 1047 2954 λνίχανα).
1079 2864 1127 2931 Of.
1152 2865 1234 2931 th.

200 2990 278 3054 478.
304 2987 363 3052 Th.
388 2988 463 3055 387.
487 2988 573 3054 Ren.
598 2990 675 3056 840.
702 2986 968 3070 ,Διασκανδικίζειν
989 2993 1055 3052 tem
1072 2987 1235 3073 singulare

198 3116 250 3177 est
276 3114 310 3175 et
333 3108 374 3174 ab
390 3109 611 3197 Aristophane
626 3110 662 3175 in
677 3108 841 3197 Euripidis
859 3108 1091 3175 contumeliam
1107 3108 1234 3192 fiotum,

196 3237 237 3297 ut
269 3229 304 3295 id
335 3252 402 3297 non
434 3231 564 3298 credam
595 3231 636 3297 ab
667 3231 733 3297 ullo
765 3232 829 3298 alio
860 3236 917 3296 aut
946 3236 1043 3296 antee
1065 3230 1235 3296 inventum

194 3358 258 3420 aut
281 3358 397 3439 postea
419 3353 596 3442 repetitum
619 3354 712 3420 eese’'
739 3353 859 3442 (Kook.
884 3353 926 3418 ad
945 3352 1100 3419 Teleolid.
1117 3354 1154 3417 fr.
1174 3354 1234 3436 38,

192 3474 256 3540 ubi
280 3471 356 3538 vide
373 3472 443 3539 eius
458 3473 634 3540 lectionem
649 3495 707 3561 pro
724 3474 825 3540 verbo
841 3473 1096 3564 διασκανδικίσαι).
1123 3475 1234 3541 Subet.

191 3593 321 3672 σκανδιξ
350 3594 470 3682 legitur
503 3594 587 3663 th.
619 3598 695 3660 478.
727 3597 812 3680 480,
843 3596 1008 3684 Theophr.
1041 3602 1075 3663 ot
1098 3597 1233 3661 Lucian.

192 3716 283 3782 Lex.
310 3715 341 3779 2.
365 3714 415 3780 Do
439 3715 673 3802 compositione
698 3716 738 3780 of.
762 3714 950 3799 ἕκαανλίζειν.
1013 3723 1017 3733 ’

244 3834 503 3918 διασοφίζομαι
522 3867 563 3892 =
584 3836 753 3920 ῃδιαπασὸιν
769 3837 953 3921 σοφίσμασι”
971 3836 1090 3927 (Bekk.
1107 3837 1232 3904 Aneod.

189 3975 230 4046 p.
256 3961 311 4027 86.
338 3957 395 4047 11)
418 3959 540 4046 legitur
563 3959 650 4048 apud
674 3960 929 4050 Aristophanem
952 3962 985 4026 in
1002 3961 1063 4028 Αν.
1081 3984 1111 4028 v.
1131 3964 1232 4027 1619:

191 4080 249 4146 ἐιίν
273 4105 317 4154 τις
336 4082 433 4161 ἱερεῖον
452 4079 609 4162 εὐξάμενος
626 4079 692 4149 εἶτα
708 4083 912 4167 διασοφίζηται
928 4083 1033 4162 λέγων.
1058 4082 1106 4149 Of.
1123 4106 1233 4164 περισο-

189 4201 325 4285 φίζομαι
349 4232 390 4258 =
416 4200 573 4280 ἕξαπασῖιν
598 4205 676 4271 ibid.
703 4228 734 4271 v.
752 4207 858 4290 1646,
881 4204 1119 4288 κατασοφίζοριαι
1135 4205 1231 4271 Diod.

192 4321 262 4390 Sic.
297 4326 348 4390 17.
386 4326 458 4390 116.
489 4325 564 4392 Aet.
589 4328 704 4415 Apost.
731 4330 759 4392 7.
788 4330 838 4392 19.
862 4327 997 4395 Lucien.
1021 4327 1062 4394 D.
1088 4326 1118 4390 d.
1146 4331 1173 4392 1.
1202 4330 1229 4392 1.
