2836 4934
499 265 500 268 ’
577 246 739 326 Ἐντερεύιο.
1108 248 1170 313 123

141 490 302 572 ἕκααυλίζυ
333 491 379 575 (in
408 492 507 558 verbo
530 492 697 573 ε’νύριούούαι
721 497 830 558 autem
854 493 940 558 inest
963 492 1045 557 ratio
1070 491 1172 558 dativi

142 643 184 668 =
210 612 270 693 ύρίςο
291 611 532 703 ε’ντυλίττεσύοιι).
558 651 600 662 -
624 613 672 679 of.
697 613 797 701 praef.
821 617 839 699 ᾗ
864 615 893 678 2.
918 638 948 678 α.
976 619 1003 678 1.

187 735 350 819 ἐντερεύιο
370 742 563 820 „exentero,
580 737 619 802 τοὶ
635 736 734 818 ἔντερα
750 734 869 819 ἐξαιρῶ”
884 736 1005 823 legitur
1017 735 1170 824 Archipp.

142 858 181 923 fr.
213 858 256 923 25
264 910 273 943 ‚
306 880 336 923 v.
369 861 406 942 3,
439 858 504 923 scil.
536 857 711 944 λάβρακας,
747 859 885 945 piscium
916 867 1029 944 gen'us.
1060 857 1172 923 Verba

142 979 387 1046 denominativa
416 980 450 1045 in
478 980 545 1047 -εύυ
568 980 724 1046 exeuntia
746 979 851 1046 variae
875 979 1025 1045 notiones
1047 977 1171 1044 habent

143 1107 177 1168 et
201 1101 242 1168 ad
267 1123 365 1169 unam
389 1102 591 1190 eandemque
615 1124 761 1168 normam
784 1102 929 1169 revocari
944 1122 1011 1167 non
1026 1103 1171 1187 possunt.

145 1222 195 1290 Of.
231 1245 263 1287 v.
299 1244 325 1290 c.
357 1225 527 1303 τοοτενύεύα
557 1223 656 1309 (Nub.
691 1225 790 1308 1200)
821 1254 861 1278 =
895 1227 992 1289 antea
1022 1226 1171 1308 gustare,

143 1344 292 1426 τροτένύνς
327 1346 396 1424 εἰμί.
434 1385 474 1395 -
510 1347 686 1424 μυττωτεύω
722 1346 832 1433 (Vesp.
871 1344 926 1430 63)
956 1374 996 1398 =
1021 1343 1171 1410 concutio

142 1462 228 1550 alqd.
253 1463 294 1529 ad
318 1465 508 1551 pulticulam
532 1465 720 1552 (αυττιοτύς).
740 1503 778 1516 -
797 1463 942 1530 τιτυλεύοι
960 1462 1075 1552 (Vesp.
1093 1464 1172 1547 678)

145 1616 185 1640 --
211 1585 360 1652 celeriter
383 1588 541 1674 remigare
564 1588 698 1672 (τίτυλος
723 1616 764 1645 =
788 1608 950 1653 remorum
973 1587 1108 1673 pulsus).
1127 1622 1170 1634 —-

145 1704 231 1772 Vide
255 1706 389 1794 praefat.
414 1710 432 1792 ξ
455 1709 514 1774 36.

187 1828 381 1909 ε’ντεούνεια
405 1829 641 1911 „interamenta
657 1828 807 1911 navium,
824 1826 1020 1911 statumina,
1037 1824 1168 1892 costae‘’

146 1948 266 2035 legitur
300 1971 350 2036 ap.
385 1949 552 2037 Aristoph.
584 1949 619 2014 in
649 1948 708 2035 oq.
740 1970 768 2013 v.
793 1949 899 2013 1185:
932 1948 981 2012 καὶ
1011 1946 1039 2012 τί
1063 1946 1172 2019 τούτοις

144 2071 292 2151 χρύσοςιοιι
327 2078 385 2143 τοῖς
421 2069 553 2152 §uulpem
590 2070 722 2145 ἐπίτηδες
758 2070 830 2135 αὔτ’Ι
861 2068 979 2147 ἐτεμψέ
1002 2091 1043 2133 σοι
1069 2070 1097 2140 ἐς
1117 2068 1172 2139 τοὶς

144 2193 261 2274 τριήρεις
284 2193 454 2274 ἐντερόνειαν
478 2195 494 2269 ἧ
518 2190 577 2265 ύεύς
601 2214 674 2258 oum
698 2192 855 2258 allusione
879 2190 920 2257 ad
944 2189 1174 2277 praecedentia

150 2321 226 2396 „scir
251 2312 399 2395 ε’ντέοοις”.
432 2313 554 2379 Schol:
586 2315 627 2380 uui
650 2314 798 2398 ἐγκοίλια,
820 2314 859 2379 τοὶ
879 2313 938 2378 uini
965 2321 1018 2388 τῆς
1045 2312 1173 2393 τούτιύος

146 2435 328 2518 ἐνερχύμενα
365 2435 444 2513 ξύλα
473 2436 626 2517 ἐντεούνεια
659 2441 806 2500 καλεῖται.
850 2434 898 2500 Of.
926 2446 999 2499 roo.
1032 2433 1172 2514 ἐντεοιύνν

150 2565 180 2624 et
203 2558 354 2638 ε’ντεοιιινίς
379 2556 536 2648 (medulla
559 2558 743 2646 plantarum
768 2561 801 2622 et
817 2553 984 2643 arborum)
1002 2577 1053 2642 ap.
1072 2554 1172 2619 Arist.

148 2684 248 2768 plant.
274 2685 304 2747 2.
329 2684 359 2748 8.
385 2679 547 2767 Theophn.
570 2679 651 2746 Poll.

186 2804 413 2868 irascatur&
451 2801 555 2883 „betis
593 2798 742 2866 involvo’'
774 2800 894 2886 legitur
924 2797 1010 2885 apud
1040 2797 1174 2864 'Aristo-

146 2923 291 3008 phanem
314 2921 347 2985 in
371 2920 452 2985 Ach.
477 2942 508 2987 v.
533 2922 614 2986 894:
638 2920 710 2998 μηδὲ
733 2921 792 3002 you
814 2922 902 2986 ύοινύν
924 2944 995 2985 τοτε
1015 2925 1065 2986 τοῦ
1084 2922 1172 3002 χωρίς

141 3042 200 3120 εἴην
238 3039 549 3118 ἐντετευτλανωμένης.
588 3041 664 3106 Ath.
699 3044 725 3106 7.
761 3064 782 3129 p
828 3044 892 3107 300
915 3042 954 3107 b:
991 3042 1082 3119 ἥσύιον
1117 3043 1172 3115 τοίς

138 3163 285 3246 ἐγχέλεις
317 3163 365 3228 καί
396 3164 477 3241 μετα
507 3163 637 3230 τεύτλων
660 3163 872 3240 ἐντυλίξαντες.
906 3164 953 3230 of.
978 3167 1007 3229 ἐν
1029 3164 1172 3230 τεύτλοισι

135 3286 318 3369 λοχεύεσθαι
342 3287 417 3351 Pac.
439 3287 541 3370 1014,
566 3287 710 3351 τεύτλοισι
733 3285 993 3362 συγκαλύπτεσθαι
1020 3286 1171 3352 Pherecr.
1280 3357 1281 3360 Ἴ

131 3405 173 3474 fr.
205 3407 271 3473 108
295 3428 322 3471 v.
350 3409 400 3473 12.
432 3406 548 3472 Melior
571 3412 621 3472 est
643 3408 740 3472 lectio
764 3408 914 3474 ἐντευτλιῶ
938 3430 966 3474 a.
991 3430 1019 3475 v.
1043 3409 1173 3474 τευτλίον

133 3525 302 3611 formata,
329 3547 414 3609 „non
436 3526 540 3613 liquet
563 3527 649 3592 enim
673 3528 834 3614 quomodo
854 3528 971 3618 deduci
986 3531 1089 3617 possit
1105 3552 1174 3596 ver·

129 3643 224 3716 bum
254 3653 402 3713 τευτλανῶ
427 3669 454 3713 a.
480 3670 510 3712 v.
533 3648 673 3714 τεύτλον”
701 3647 867 3738 (Blayd.);
898 3651 1028 3716 τευτλίον
1050 3651 1174 3716 inveni·

131 3771 196 3837 tur·
229 3771 312 3835 Ran.
345 3771 426 3853 942,
462 3775 583 3835 τεῦτλον
615 3770 688 3836 Pac.
709 3772 802 3837 1014.
841 3771 966 3836 Similia
996 3773 1174 3859 composita

134 3893 220 3959 vide
252 3891 294 3956 ad
324 3914 393 3959 voc.
426 3894 670 3980 ἐνκοισυοοῦσύαι,
706 3900 740 3960 et
771 3893 812 3961 de
844 3895 1036 3961 formatione
1069 3896 1107 3960 ef.
1132 3896 1174 3962 ad

138 4031 215 4080 voe.
239 4012 410 4095 ἐκκαυλίζει.

190 4136 333 4200 ἒντιλοῖν
359 4136 509 4218 „incaco”
531 4136 651 4223 legitur
667 4136 752 4223 apud
768 4137 1022 4224 Aristophanem
1037 4137 1072 4202 in
1091 4138 1172 4204 Ach.

143 4270 175 4320 v.
192 4257 268 4323 351:
286 4251 417 4336 ἐλύοντο
433 4241 514 4343 (μοι)
524 4253 683 4333 ἐνετίλησεν
698 4255 792 4339 ὥσπερ
808 4258 910 4334 σητία.
929 4258 976 4324 Cf.
996 4281 1024 4325 v.
1040 4259 1173 4341 ἕνχέζιιε
