2836 4934
507 99 769 181 Καταγιγαρτόζω.
1092 102 1153 167 169
1239 153 1241 157 -

125 343 184 406 711
212 348 247 408 et
270 343 329 431 Eq.
357 346 439 409 286:
463 344 690 422 καταβοήσομαι
713 345 787 422 βοῶν
803 371 845 413 σε.
870 346 961 411 Idem
979 353 1029 414 est
1044 370 1158 410 κασα-

122 463 233 546 κροόζω
263 466 323 552 Eq.
355 467 436 530 287:
469 464 729 548 κατακεκράξομαί
759 493 792 532 σε
822 466 940 549 κρόζων.
973 468 1026 534 Sic
1049 492 1157 533 κατα-

120 586 232 668 κριόζω
265 587 324 675 Eq.
361 589 462 654 1020:
501 588 603 654 πολλοὶ
638 589 697 669 γόιρ
732 591 812 667 μόσει
848 599 908 674 σφε
944 589 1157 672 κατακρώζουσι

116 710 229 787 κολοιοί,
242 684 311 774 'ubi
335 709 368 775 S.
381 711 423 775 V.
435 720 468 775 Γ.
483 720 509 775 Δ
538 710 748 792 κατακρόζονσι
758 762 766 794 ,
800 712 910 778 Nabar
933 710 1157 792 κατακρόξονσι.

112 829 272 895 Imitatus
306 836 356 896 est
391 831 541 897 Eustath.
578 831 624 900 cf.
660 833 760 922 praef.
795 836 813 917 ξ
847 835 897 902 12.
928 873 972 883 -
995 833 1158 911 Καταβοῖιν

113 956 233 1017 autem
266 956 317 1016 est
348 952 508 1034 „clamore
539 953 710 1040 persequi''
742 953 822 1019 Her.
848 955 878 1018 6.
903 954 955 1019 85.
990 954 1092 1019 Thuc.
1127 955 1156 1017 1.

107 1076 170 1139 67.
199 1072 286 1138 Plut.
309 1072 391 1140 Mar.
417 1075 470 1140 38.
494 1111 536 1122 —
560 1072 646 1140 Vide
669 1074 805 1162 praefat.
829 1077 847 1159 ξ
871 1074 939 1152 2β.

158 1193 487 1274 καταγιγαρτόζωε
507 1194 696 1280 σονσνσιόζω,
718 1194 871 1276 διαμκρόζω
892 1195 1019 1280 (schol.)
1035 1194 1156 1281 legitur

99 1316 173 1381 Ar.
203 1315 285 1381 Ach.
311 1317 392 1380 275:
417 1317 516 1395 τολλῷ
540 1315 598 1396 γόρ
624 1318 679 1381 ἐσθ’
702 1314 774 1391 {obice
790 1319 888 1397 ὡρικὴν
904 1314 1044 1398 ιἰλιρφόρον
1062 1340 1157 1380 κατα-

95 1434 259 1513 βαλόντα
293 1439 568 1521 καταγιγαρτίσαι,
600 1459 620 1502 a
652 1459 722 1503 voc.
759 1436 901 1518 γίγαρτον
932 1468 972 1492 =
997 1443 1157 1514 γυναικεῖον

95 1559 222 1626 αἰδοῖον
258 1557 392 1624 secund.
427 1557 545 1643 schol.²
583 1557 669 1646 quod
703 1557 833 1646 proprie
865 1563 915 1623 est
948 1558 981 1622 τό
1004 1556 1083 1629 ἐντός
1106 1563 1158 1629 τῆς

91 1688 281 1759 σταφυλῆς
297 1681 436 1758 ὀστῶδες,
456 1701 593 1768 granum
610 1678 695 1744 acini
710 1679 781 1763 (Ar.
799 1680 876 1746 Pac.
894 1681 969 1743 634.
994 1677 1157 1764 Theophr.

100 1811 156 1871 et
183 1800 354 1890 sequior),
377 1799 620 1883 καταγιγαρτόζω
642 1801 743 1888 igitur
758 1801 887 1887 proprie
904 1806 975 1866 est:
1002 1820 1158 1886 „granum

87 1946 206 1992 uvae
220 1924 382 2007 eximere,
399 1922 603 2005 enucleare’'‚
617 1928 685 1987 tum
700 1921 919 2008 metaphorice
936 1925 969 1986 et
982 1921 1156 1986 obscoene:

92 2098 129 2131 „
142 2047 378 2135 comprimere,
396 2043 629 2132 devirginare”.
654 2045 702 2110 Of.
720 2044 855 2110 verbum
872 2041 1157 2120 κατατριακοντουτί-

73 2171 169 2252 ζω.
194 2169 244 2234 De
268 2169 502 2256 compositione
527 2166 600 2232 vide
623 2164 849 2246 ἐκκαυλίζω-
868 2164 915 2230 cf.
940 2163 1075 2252 praefig
1097 2164 1156 2239 1γ.

169 2288 450 2371 καταγλωττόζω
499 2286 709 2372 „trabatiana
755 2284 943 2366 κατηγορεῖν”
982 2282 1155 2372 (Hesych.)

63 2412 245 2497 legitur
279 2411 448 2498 Aristoph.
484 2411 566 2477 Ach.
599 2412 681 2476 380:
716 2409 858 2487 διέβαλλε
881 2408 931 2474 καὶ
954 2408 1048 2488 ψευδῆ
1070 2431 1158 2472 κατε-

58 2533 267 2616 γλώττιζέ
298 2559 363 2611 μιν.
396 2533 517 2599 Moeris
541 2557 572 2620 p.
599 2535 682 2598 224:
706 2529 975 2616 καταγλωττόζειν,
1005 2530 1037 2595 τό
1059 2529 1156 2607 βλασ-

58 2660 245 2733 Φιρμεῖν.
271 2658 311 2722 In
334 2658 384 2743 Eq
419 2658 500 2723 352:
526 2655 610 2727 πόλις
624 2706 653 2722 ..
671 2654 725 2720 ont
741 2660 792 2720 σοῦ
807 2653 974 2732 μονωτοότον
985 2667 1158 2729 κατεγλωτ-

58 2779 245 2854 τισμένον
262 2783 360 2862 σιωτρῖ
376 2782 426 2842 est
446 2777 662 2863 „loquacitate
679 2782 713 2841 et
729 2776 927 2841 verbositate
940 2773 1157 2863 perturbata”.

55 2890 233 2964 Sahal.
258 2900 397 2982 αἰτιατόν,
415 2897 588 2983 ταρόττιιν,
606 2905 801 2964 καταλαλεῖν.
825 2898 864 2962 In
881 2899 1011 2964 Thesm.
1030 2920 1059 2962 v.
1079 2898 1157 2961 131:

50 3010 163 3081 (ὃς
197 3020 246 3095 ἡδὺ
280 3020 314 3086 τό
349 3017 437 3095 μόλις
472 3020 521 3084 καὶ
561 3019 740 3097 όκλνδριωδες
779 3018 828 3084 καὶ
867 3018 1158 3098 κατεγλωττισμένον

46 3130 282 3207 Β-11ιιιίἰιιιι
311 3141 353 3207 ad
384 3139 653 3227 significationem
686 3161 768 3226 quae
800 3145 849 3205 est
884 3140 1015 3226 „lingua
1037 3138 1157 3203 lascive

43 3264 82 3306 Φ
96 3261 293 3348 seuere,
325 3263 365 3329 de
398 3283 462 3351 quc
492 3261 606 3328 vides
642 3285 671 3328 v.
697 3261 967 3340 καταγλόττισμα.
999 3262 1049 3326 De
1074 3282 1158 3325 com·

42 3380 289 3448 positione
312 3382 352 3448 cf.
376 3381 546 3464 ἕκκαολίζω.

174 3501 486 3580 καταγλόττισμα
521 3503 686 3582 „osculum
709 3503 822 3589 lingua
845 3503 892 3567 ori
916 3500 1055 3567 inserta'’
1079 3503 1158 3588 legi-

49 3599 183 3686 1‘’llr
201 3625 259 3690 Ar.
276 3623 362 3688 Nub.
381 3625 440 3688 51:
465 3622 560 3708 (όζων)
576 3624 681 3705 μόρον,
698 3621 813 3708 κρόκον,
830 3623 1156 3700 καταγλωττισμάτων.

53 3712 212 3810 Vide
244 3744 353 3811 Schol.
385 3744 468 3811 Poll.
498 3744 542 3809 Π.
577 3747 636 3811 109
670 3745 768 3810 etiem
791 3766 821 3813 v.
845 3745 1116 3823 καταγλωττισμός
1140 3767 1157 3810 e

63 3854 256 3930 QOmicis
289 3864 387 3942 citct3
419 3864 459 3930 cf.
495 3866 584 3930 verb.
616 3865 878 3948 καταγλωττίζειν.
904 3866 1083 3943 Γλόττισμα
1107 3871 1157 3931 est

71 3975 185 4066 a·1).
206 3986 361 4074 sequior„
385 3985 572 4066 γλωττισμός
596 3987 698 4052 Anth.
726 3990 754 4053 7.
779 4010 809 4074 p.
828 3989 911 4073 470,
936 3987 1087 4068 γλωττόζω
1104 4010 1155 4074 ap.

88 4087 306 4176 Automod.
340 4109 360 4175 3
393 4106 439 4198 (5.
467 4106 557 4199 129).
589 4107 856 4189 Καταγλόττισμα
881 4110 966 4200 apud
992 4111 1157 4198 sequiores
