2836 4934
274 299 335 363 160
699 251 869 369 'Iovinum

270 549 427 610 reoratem
457 545 492 608 in
522 544 560 608 fr.
593 546 651 621 64,
683 566 713 609 v.
730 558 731 562 ’
746 544 782 608 5:
813 541 901 613 οὐδεὶς
932 537 990 606 εἶδε
1016 540 1135 605 πώποτε
1159 539 1302 620 ἰχθυοπώ-

269 678 383 728 λαιναν.
434 663 557 728 Vooem
604 662 748 728 oomioe
786 661 919 727 fictam
958 682 1029 727 esee
1067 660 1301 726 animadvertit

270 781 433 866 Moinek.;
464 803 561 849 moso.
592 781 775 862 ἰχθυοπώλης
807 786 857 846 est
888 803 938 868 ap.
969 781 1058 846 Plut.
1089 785 1123 846 et
1159 780 1239 845 Ath.
1272 782 1302 843 6.

270 901 369 966 2241.
395 901 443 966 Of.
466 901 601 989 praefat.
626 904 644 987 ξ
670 904 731 979 17.
755 901 951 988 Analogiam
975 907 1107 966 secutus
1131 905 1182 966 eet
1204 904 1302 988 poeta

270 1019 519 1105 vocabulorum,
550 1020 659 1108 qualia
689 1026 766 1086 sunt
794 1020 895 1085 λέαινα
918 1021 998 1088 Her.
1023 1022 1054 1084 3.
1082 1021 1155 1087 108.
1179 1016 1300 1086 Aeson.

270 1140 334 1226 Ag.
361 1142 456 1206 1258.
492 1141 659 1229 Aristoph.
691 1143 768 1230 Lye.
803 1144 886 1227 231,
916 1141 1077 1221 θεράπαινα
1108 1139 1237 1207 Andoo.
1273 1143 1302 1207 1.

272 1260 323 1325 64.
361 1260 448 1325 Xen.
484 1260 558 1348 Gyr.
595 1264 625 1327 6.
661 1264 692 1327 4.
720 1264 779 1346 11,
802 1261 975 1346 minema,
998 1262 1212 1343 a'isxvpoaooe,
1241 1286 1303 1337 μοι·

270 1381 419 1468 relocatum,
444 1382 518 1449 alia.

314 1504 500 1578 ἱωνδκυσος
532 1510 582 1570 eet
612 1506 807 1573 vocabulum
838 1507 925 1595 quod
955 1507 1077 1594 legitur
1107 1505 1194 1596 apud
1227 1507 1304 1573 Cra·

269 1627 376 1693 tinum
409 1629 445 1693 in
479 1629 517 1694 fr.
554 1629 629 1694 419.
664 1628 709 1693 Η.
745 1627 860 1715 Steph.
892 1629 991 1694 vortit
1025 1627 1150 1711 „ionice
1181 1627 1304 1692 effemi-

270 1751 399 1817 natuo''.
416 1751 556 1816 Photiuo
572 1751 735 1838 explicat:
751 1750 908 1827 κατεαγώς
924 1750 945 1816 i.
963 1772 989 1817 e.
1011 1750 1173 1834 „fractus”
1190 1751 1302 1835 (Dion.

270 1873 344 1938 Hal.
377 1870 418 1937 de
449 1872 684 1960 compositione
714 1872 905 1956 verborum3
936 1871 1058 1937 Athen.
1093 1873 1143 1938 12.
1166 1869 1302 1959 524f.);

271 1994 310 2059 of.
341 1995 506 2061 κυσολάκων
538 1994 579 2061 de
610 1994 798 2073 Alcibiade,
829 1995 850 2059 i.
885 2015 914 2060 e.
950 1991 1191 2081 „paediootor’',
1213 2001 1302 2058 oom'.

271 2135 369 2183 anon.
393 2117 424 2180 4.
449 2116 524 2181 642.
548 2114 634 2182 Vide
658 2115 794 2203 praefat.
819 2117 836 2200 ξ
862 2116 892 2180 1.
