2836 4934
681 1173 735 1272 B.

233 1466 417 1553 Βαβαιιὶξ,
450 1469 696 1534 exclamationis
727 1470 903 1556 particula,
928 1491 992 1557 qua
1016 1469 1150 1536 effertur
1173 1472 1222 1537 vis

188 1590 339 1656 vocabuli
370 1590 474 1668 βαβαί
496 1589 744 1658 admirationem
769 1592 922 1680 exprimit
945 1590 1102 1679 Aristoph
1137 1592 1221 1660 Acb.

190 1714 243 1779 64.
274 1714 359 1778 Ran.
393 1714 434 1777 63
468 1718 501 1778 et
531 1711 617 1800 apud
647 1713 777 1778 Platon.
809 1713 847 1779 fr.
881 1709 931 1777 46.
956 1735 986 1780 v.
1012 1715 1050 1795 9,
1075 1711 1221 1778 dolorem

91 1807 93 1810 ’
188 1832 271 1899 nen.
306 1835 400 1898 1141.
433 1833 508 1900 Pae.
541 1835 616 1901 ναν.
640 1833 715 1920 nys.
744 1834 827 1900 312:
851 1838 910 1914 φα
932 1837 983 1898 ια
1006 1837 1135 1907 καλλι,
1160 1833 1221 1911 αα-

187 1954 294 2034 βαιιὲξ.
319 1955 366 2020 cf.
391 1955 526 2043 praefat.
551 1957 568 2040 §
585 1957 612 2020 6.
636 1955 689 2020 Ad
706 1956 840 2020 formam
857 1955 897 2020 cf.
914 1953 1098 2032 ἰατταταιὰξ
1112 1953 1170 2043 Eq.
1192 1959 1218 2020 l.

189 2074 332 2154 ντατταινίξ
353 2078 431 2163 LyS.
456 2078 529 2142 924.
555 2075 631 2141 Elur.
656 2075 745 2164 Oyol.
772 2077 845 2140 153.
870 2076 950 2141 Luc.
974 2076 1084 2162 Fugit.
1109 2077 1162 2142 33.

232 2195 425 2275 βαβαὶατης
444 2196 672 2282 „furibundus‚
690 2195 885 2262 bacchator”
902 2196 1022 2282 legitur
1037 2195 1124 2282 apud
1142 2195 1220 2262 Ora·

128 2346 131 2352 ·
189 2319 294 2383 tinum
328 2318 363 2382 in
397 2317 435 2382 fr.
467 2319 550 2383 321:
582 2320 664 2398 χαῖρ’
688 2315 708 2382 ὦ
731 2317 909 2399 χρυσόκερως
931 2316 1082 2395 βαβιὶατα
1105 2319 1219 2397 κήλων,

188 2438 263 2503 nav.
298 2437 407 2524 Etym.
440 2458 480 2501 m.
517 2440 589 2503 183.
622 2440 682 2505 45:
713 2438 893 2515 βαβιὶκτης·
921 2439 1086 2524 ὀρχηστής,
1110 2438 1221 2515 λνὶλνς,

188 2558 348 2637 μανιώδης,
384 2559 569 2640 βακχεντήα.
600 2560 723 2639 λέγεται
754 2558 783 2623 δὲ
813 2562 826 2625 i
856 2560 931 2625 Πιὶν.
964 2558 1127 2646 Hesycb.:
1160 2559 1222 2638 βα-

82 2704 86 2712 ’
187 2677 320 2756 βάκτης·
353 2680 514 2760 ὀρχηστής.
553 2679 693 2760 incubis,
729 2679 890 2757 μανιώδης,
923 2680 1088 2758 αραύγατος
1122 2679 1159 2767 (i.
1192 2703 1221 2748 e.

188 2800 371 2884 clamator).
410 2799 469 2864 ὅθεν
506 2799 555 2865 καὶ
594 2800 723 2881 Βάκχις.
762 2799 918 2865 Similiter
951 2799 1057 2865 Bekk.
1093 2801 1223 2868 Anecd.

189 2923 263 2986 223.
297 2923 349 2986 31.
382 2921 507 2987 Eodem
531 2942 629 2987 sensu
652 2921 771 3008 legitur
796 2919 907 2998 βαβαξ
931 2920 1053 2986 Archil.
1080 2921 1133 2986 26.
1157 2922 1223 3008 Ly-

188 3041 297 3129 cophr.
324 3044 398 3107 472.
416 3042 465 3107 Of.
483 3043 570 3108 verb.
586 3040 715 3124 βαβαὶζω
731 3042 901 3130 (reduplic.
919 3065 948 3108 v.
964 3041 1047 3125 βάζω
1065 3043 1153 3130 quod
1171 3050 1222 3109 est

187 3165 305 3246 λαλεῖν)
337 3164 391 3246 (cl.
423 3164 567 3251 Hesyeh.
598 3162 758 3242 βαβιὶξαι·
781 3165 984 3247 ὀρχήσασθαι).
1014 3165 1221 3230 Vocabulum

187 3282 350 3362 βαβιὲατης
382 3286 525 3372 pertinet
556 3285 596 3349 ad
629 3286 761 3351 nomina
789 3285 975 3351 deverbalia
997 3286 1032 3349 in
1054 3310 1120 3360 -της
1144 3308 1222 3352 exe·

187 3403 297 3488 untia,
329 3405 499 3470 masculini
530 3406 675 3492 generis,
709 3406 827 3494 quibus
858 3429 898 3472 ea
928 3428 1067 3494 persona
1098 3408 1221 3495 signifi·

186 3533 296 3612 catur,
327 3549 411 3616 quae
442 3526 475 3591 id
508 3527 592 3613 agit,
625 3524 711 3615 quod
736 3526 835 3592 verbo
860 3527 1055 3592 continetur.
1081 3527 1130 3592 Of.
1155 3543 1221 3593 λαι-

186 3651 296 3725 ααττής
329 3649 386 3714 Ar.
419 3648 499 3714 Ach.
535 3651 587 3714 79.
618 3650 789 3730 μνχλεντης
823 3649 907 3714 Nub.
941 3650 1016 3715 567.
1044 3651 1220 3732 ἐγχειρητής

188 3772 250 3838 Ar.
275 3773 359 3854 257,
383 3770 509 3835 similia.

231 3891 479 3971 βαδιτματίας
503 3890 577 3958 vide
601 3891 641 3958 ad
667 3913 735 3958 voc.
759 3891 937 3970 βαδιστικός.

143 4020 145 4025 ’
232 4013 444 4092 βαδιστιαός
467 4014 529 4079 adi.
558 4015 683 4102 „isqui
707 4014 840 4080 ferendo
865 4014 1096 4080 ambulationis
1115 4014 1220 4080 labori

189 4143 239 4204 est
268 4134 424 4202 idoneus”
454 4136 575 4223 legitur
604 4136 691 4224 apud
718 4135 885 4222 Aristoph.
910 4135 943 4199 in
968 4135 1053 4201 Rau.
1078 4156 1109 4201 ν.
1137 4137 1217 4202 128;

188 4257 290 4336 βούλει
314 4263 443 4339 ταχεῖαν
466 4257 514 4322 καὶ
538 4257 670 4332 αατιὶντη
694 4256 878 4343 σαφηνίσας
902 4257 934 4330 νη
949 4255 997 4320 τὸν
1014 4256 1071 4343 Δί’,
1088 4258 1125 4329 ὡς
1141 4255 1219 4331 ὄντας
