2836 4934
191 307 233 382 84
258 319 261 323 ’
597 313 813 410 Δαῴνοπάλνς.
845 295 848 303 ¹

186 563 359 628 Platonem
382 564 416 628 in
439 564 477 628 fr.
503 567 541 649 3,
558 587 587 630 v.
609 567 645 632 l:
663 563 683 630 ὦ
699 565 806 648 Κινύρα
821 564 949 643 βασιλεῦ
965 565 1099 648 Κυπρίων
1114 566 1221 649 άνδρῶν

187 684 406 765 δασυπρώκτων.
430 685 521 752 Idem
546 691 597 752 est
620 685 788 766 δαειίτννις
813 687 921 755 Schol.
942 687 1129 754 Theocr.5.
1150 690 1222 754 112.

187 806 241 871 Ad
272 806 407 872 formem
439 807 477 872 cf.
510 805 702 888 εὐρύπρωκτος
734 808 791 873 Ar.
819 806 904 873 nub.
930 808 1015 872 1084
1040 829 1108 896 sqq.
1134 808 1220 872 Ach.

189 931 263 994 716.
296 929 425 1024 Thesm.
461 930 535 993 200.
559 928 770 1009 στενίτρωκτις
793 928 890 994 Phot.
915 926 1138 1010 χαυνόπρωκτις
1162 927 1220 992 Α1.

187 1051 270 1116 Ach.
298 1053 370 1115 104.
397 1052 446 1116 De
469 1052 704 1138 compositione
728 1051 769 1116 cf.
792 1048 967 1128 βαίάκιμις.

232 1172 467 1254 δαφνοτάλκς
517 1173 719 1254 ,laurearum
758 1170 929 1236 venditor”
967 1169 1055 1259 apud
1093 1169 1220 1236 Aristo·

187 1292 329 1379 phanem
355 1293 389 1357 in
412 1292 450 1359 11.
477 1294 541 1356 164
566 1297 616 1357 est
639 1292 810 1380 epitheton
834 1291 1016 1378 Apollinis,
1041 1291 1220 1357 secundum
1255 1287 1257 1289 ’

187 1413 399 1499 Hesychium.
425 1413 473 1480 (tf.
497 1413 640 1496 δαφνίτκς
664 1412 705 1478 de
728 1412 882 1500 Apolline
906 1410 965 1501 (=
988 1413 1108 1478 laureis
1129 1433 1220 1478 coro·

187 1538 298 1620 nctus)
321 1534 406 1622 apud
432 1535 671 1621 Syracusanos,
692 1534 834 1620 δαφναῖις
851 1534 892 1600 (le
908 1534 1024 1600 eodem
1041 1556 1093 1622 ap.
1110 1535 1221 1601 Nonn.

188 1664 221 1723 et
252 1655 826 1743 11.ροε1.;ω1ἱκ111δαφνκφόριςαρ.
851 1656 970 1722 Anacr.
998 1657 1048 1720 11.
1074 1657 1105 1720 6.
1130 1655 1220 1722 Ρ1111.

187 1778 300 1843 Them.
336 1778 394 1861 15,
427 1782 460 1842 et
489 1775 673 1855 δωφνενκίής
696 1777 799 1842 Anth.
823 1777 891 1854 XI,
917 1777 1000 1861 525,
1024 1776 1045 1841 5
1069 1776 1219 1841 nomine·

187 1896 284 1961 betur
317 1896 448 1982 Apollo.
484 1898 564 1963 Veri
599 1897 704 1963 simile
739 1903 789 1964 est
820 1898 1015 1964 vocabulum
1046 1898 1112 1963 iem
1145 1904 1222 1964 ente

187 2016 442 2104 Aristophanem
473 2018 507 2081 in
537 2039 599 2082 usn
629 2017 746 2102 fuisse,
771 2017 827 2083 sed
853 2018 894 2084 ab
919 2040 957 2085 eo
981 2018 1103 2084 comice
1128 2040 1220 2084 usur·

187 2139 300 2222 patum
324 2156 395 2202 esse
418 2135 459 2201 de
483 2135 562 2222 deo,
586 2137 638 2202 cni
661 2137 772 2204 laurea
795 2157 887 2204 secra
910 2143 989 2203 erat.
1014 2138 1065 2204 De
1089 2159 1218 2226 compo·

189 2255 307 2322 sitione
330 2256 369 2321 cf.
393 2256 565 2336 άνριατιιί.

233 2378 459 2444 δεδειπνάναι
484 2385 518 2445 et
540 2379 729 2456 δεδείπναμεν
752 2378 827 2445 vide
851 2401 877 2445 s.
901 2402 930 2445 v.
955 2378 1116 2460 ἠριστάναι.

236 2502 348 2579 δέημα
374 2500 569 2587 „regmen”
593 2499 725 2566 videtur
746 2498 887 2566 inveniri
906 2498 994 2586 apud
1010 2499 1116 2564 solum
1131 2498 1223 2564 Aris·

189 2624 366 2712 tophenem
388 2624 423 2687 in
446 2622 526 2687 Ach.
551 2643 580 2687 v.
608 2623 712 2687 1059:
735 2623 771 2695 ὡς
794 2627 924 2707 γελοῖον,
949 2615 1061 2700 citrei,
1078 2622 1111 2687 τὸ
1127 2620 1223 2699 δέημα

189 2753 240 2820 τῆς
272 2745 400 2826 νιίρκφκς.
431 2744 550 2808 Forma
580 2741 772 2808 secundarie
803 2747 854 2808 est
884 2747 935 2808 τοῦ
970 2739 1100 2825 „hince”
1132 2740 1220 2829 apud

178 2867 269 2937 *elios
300 2867 491 2954 scriptores,
521 2864 559 2930 cf.
590 2864 675 2929 Plet.
707 2864 809 2930 Oonv.
844 2865 906 2930 183
923 2885 953 2929 a.
984 2864 1078 2930 Dem.
1108 2866 1161 2929 29.
1188 2866 1220 2928 4.

189 2988 276 3053 Plut.
308 2986 380 3051 Tib.
412 2985 546 3052 Gracch.
571 2987 600 3049 6.
625 2984 742 3050 Timol.
767 2986 798 3049 5.
821 2985 872 3050 De
896 2984 1000 3049 forma
1023 2983 1062 3073 cf.
1086 2982 1224 3062 βωμολό-

189 3132 304 3191 χενρια.

236 3229 403 3310 δειλάκρα
426 3226 490 3293 edi.
514 3226 589 3292 fem.
613 3226 688 3293 vide
711 3226 753 3292 cd
776 3248 847 3295 voc.
871 3226 1044 3308 δειλακρίων.

236 3350 438 3432 δειλακρίων
472 3345 687 3431 „miserrime”
711 3348 831 3435 legitur
854 3348 940 3436 apud
965 3349 1223 3436 Aristophanem

190 3476 226 3540 in
248 3475 312 3539 Ar.
336 3495 366 3538 v.
394 3472 473 3536 143:
498 3466 518 3534 ὦ
541 3468 706 3551 δειλακρίων
729 3471 765 3535 σὺ
788 3475 843 3534 τῶν
858 3476 953 3535 κακῶν
968 3467 1028 3536 οἵων
1044 3472 1128 3556 ε’ρρῖρ,
1144 3469 1224 3536 Pae.

192 3618 222 3662 v.
250 3597 321 3660 193.
351 3593 486 3676 (Schol.:
511 3590 684 3674 δειλότατε).
709 3590 785 3656 Adi.
809 3591 884 3657 fem.
908 3591 1078 3674 δειλάκρα
1100 3591 1225 3677 legitur

192 3717 278 3782 Plut.
310 3738 338 3781 v.
360 3718 452 3781 em:
486 3715 542 3791 ἐγὼ
573 3714 602 3777 δὲ
633 3713 866 3791 κατακέκνισμαι
894 3713 1041 3797 δειλάκρα.
1069 3713 1225 3780 0111111.

195 3840 245 3902 15.
272 3839 334 3902 691
359 3836 387 3900 Β
410 3836 445 3900 in
473 3835 599 3900 cantico
623 3834 797 3900 Locrensi:
822 3835 864 3909 ci
887 3834 974 3900 κακὸν
997 3834 1081 3912 μέγα
1104 3833 1225 3917 τιιιὶσρς

193 3960 271 4038 κάριὲ
301 3959 358 4025 τάν
389 3957 552 4036 δειλάκραν.
583 3957 634 4022 De
664 3976 752 4022 voco.
784 3956 819 4022 in
849 3981 899 4021 -ων
931 3956 1005 4022 vide
1030 3976 1113 4044 quae
1136 3953 1229 4021 diota

194 4090 269 4149 sunt
293 4105 318 4148 s.
342 4105 371 4148 1.
394 4081 520 4160 γλύκων.
1053 4152 1059 4171 ἱ

238 4207 458 4271 δειλρκοκεῑν
488 4204 510 4268 i.
535 4223 564 4268 e.
597 4201 790 4288 ηὲξατατάν,
814 4199 969 4284 ε’κΦωβεῑν”
993 4201 1114 4288 legitur
1137 4203 1228 4290 apud

194 4327 409 4414 Hermippum
441 4325 476 4390 in
506 4324 544 4390 fr.
576 4327 629 4390 88.
662 4325 710 4390 ef.
742 4325 914 4404 δκριικιτεῖι
936 4321 1143 4411 (decipiendo
1170 4347 1229 4412 po·
