2836 4934
281 309 301 370 2
709 304 877 387 Ἀγκνρίζα.

278 553 310 617 τὸ
339 553 381 628 μὴ
412 552 491 633 ἔχειν
521 553 607 629 γάλα
634 553 829 631 ἀγαλακσίαν
852 554 924 625 σννὲς
952 555 1105 631 ὠνόμασαν
1128 555 1187 640 (sic
1212 555 1305 621 codd.

279 671 365 756 Bu,
397 673 590 750 ἀγαλακτνάν
614 684 661 752 Α,
693 677 865 751 γαλακσνάν
889 673 1007 758 Bekk.)
1031 675 1107 740 Adi.
1130 674 1306 753 ἀγάλακσος

279 795 362 879 (sine
392 795 508 878 lacte:)
543 794 699 882 Hippocr.
734 796 1015 880 (ἀπογαλακσνσάεἰς
1028 799 1050 882 ε)
1088 795 1207 862 Aesch.
1243 799 1306 884 Ag.

280 916 355 983 700.
379 913 504 980 Gallim.
531 919 560 980 1.
586 917 638 980 53.
673 916 814 982 Nomina
837 917 1079 984 denominativa
1102 920 1136 984 in
1160 920 1205 984 -ία
1230 942 1307 986 exe·

277 1038 371 1103 untia
400 1038 529 1125 saepius
561 1042 683 1103 statum
718 1039 921 1124 significant,
953 1039 994 1104 cf.
1025 1041 1105 1114 ὑηνία
1129 1041 1205 1106 Pac.
1230 1043 1306 1107 928.

278 1160 446 1240 ἀκερματία
469 1156 526 1225 Ar.
551 1159 588 1223 fr.
616 1161 666 1224 15.
691 1160 887 1238 εάοοσοωκτία
911 1159 994 1228 Aah.
1019 1163 1102 1246 843,
1127 1162 1254 1227 similia.

321 1277 494 1359 ἀγκοοίξα
541 1278 756 1366 „supplanto”
796 1285 847 1345 est
885 1281 1021 1345 verbum
1058 1282 1307 1367 palaestricum,

278 1400 364 1486 quod
388 1401 570 1488 explicatur
593 1424 651 1488 per
674 1403 894 1467 καταπαλαίονν
918 1403 985 1469 sive
1001 1404 1150 1481 κάμσσενν
1166 1406 1214 1470 τὸν
1231 1406 1308 1470 atita

277 1521 394 1605 (Bekk.
419 1521 544 1587 Anecd.
571 1525 600 1586 1.
625 1524 733 1607 325),
758 1544 815 1588 seu
840 1523 1015 1605 ὑσοσκελίζω
1038 1525 1186 1609 (Sobel).
1212 1527 1308 1613 Legi-

277 1648 331 1706 tur
353 1641 439 1728 apud
463 1642 716 1729 Aristophanem
739 1644 773 1706 in
796 1643 855 1730 sq.
880 1666 910 1710 ν.
935 1646 1018 1709 262:
1043 1645 1190 1723 διαλαβὼν
1213 1648 1308 1723 ἀγκυ-

275 1741 377 1848 οίσας,
412 1759 464 1827 εἶν’
497 1764 687 1845 ἀποστρέψας
721 1765 769 1829 τὸν
799 1761 873 1843 ὦμον
906 1768 993 1832 αὐτὸν
1024 1767 1241 1844 ἐνεκολήβασας
1274 1775 1308 1833 et

277 1883 393 1970 Eupol.
418 1882 457 1948 fr.
482 1885 557 1948 262.
582 1883 621 1951 cf.
646 1883 781 1971 praefat.
806 1886 823 1968 ξ
846 1888 907 1950 es.

321 2007 470 2082 ἀγλαῶς
505 2004 695 2070 adverbium
726 2006 832 2092 signif.
868 2007 1074 2094 „splendide‚
1106 2000 1305 2073 liberaliter”

277 2124 363 2213 apud
393 2124 559 2214 Aristoph.
591 2125 625 2189 in
649 2126 724 2211 Lys.
750 2148 778 2192 v.
798 2127 879 2191 640:
902 2130 1026 2203 ἀγλαῶς
1053 2127 1152 2207 ἔθρεψέ
1175 2152 1224 2203 με.
1248 2127 1307 2190 Est

276 2247 362 2312 inter
397 2268 435 2312 ea
469 2246 641 2331 adverbia,
678 2247 718 2312 de
754 2248 871 2334 quibus
903 2248 971 2312 dixi
1001 2247 1137 2335 praefat.
1175 2251 1192 2333 ξ
1218 2249 1259 2313 10
1275 2273 1306 2312 α.

277 2368 486 2434 Adiectirum
517 2368 632 2446 ἀγλαὸς
656 2367 733 2434 inde
757 2370 798 2434 ab
822 2369 966 2435 Homero
988 2374 1164 2456 usurpatur
1187 2391 1206 2434 a
1229 2370 1307 2435 Pin-

280 2491 376 2580 daro,
401 2492 501 2581 Soph.
526 2492 636 2579 Eurip.

323 2614 502 2695 ἀγόμφνοο
538 2612 612 2698 „qui
644 2610 759 2677 dentes
792 2612 947 2695 molares,
970 2612 1133 2698 γομφίους,
1158 2632 1224 2676 non
1246 2611 1303 2674 ha·

278 2732 355 2798 bet''
386 2731 506 2817 legitur
537 2753 588 2818 ap.
621 2730 769 2796 Dioclem
800 2732 835 2794 in
865 2731 903 2795 fr.
930 2733 990 2815 14,
1023 2753 1052 2795 r.
1086 2733 1124 2795 4:
1155 2730 1306 2812 ἀγόμφνον

279 2855 367 2918 αἰῶνα
389 2855 483 2935 τρίψει
507 2853 547 2917 cf.
571 2850 675 2917 Bekk.
699 2851 825 2918 Anecd.
850 2854 935 2936 339,
963 2853 1020 2918 15:
1046 2852 1197 2929 ἀγάμΦνος
1220 2853 1304 2920 αἰών·

278 2973 365 3047 οὕτως
395 2974 496 3049 ἔλεγον
525 2974 574 3039 τὸν
596 2975 706 3055 χρόνον,
730 2976 759 3038 ἕν
782 2969 803 3056 ᾦ
826 2998 869 3046 τις
893 2975 983 3054 cipetra
1007 2974 1197 3054 γεγηρακώς·
1223 2975 1306 3054 σαοά

278 3097 311 3162 τὸ
341 3098 383 3175 μὴ
413 3097 514 3160 ἐνεῖναι
537 3102 596 3167 τοῖς
626 3095 737 3175 γέρουσι
765 3097 830 3167 τοὺς
853 3094 1009 3176 γομφίους.
1034 3095 1163 3176 Γόμφνος
1187 3094 1308 3180 legitur

279 3241 331 3306 ap.
362 3205 440 3284 Her.
472 3220 502 3282 9.
536 3219 588 3282 83.
620 3218 675 3283 Ar.
706 3217 781 3282 Pac.
813 3217 1073 3284 sartonam.
1098 3216 1183 3280 Xen.
1208 3216 1307 3283 Mem.

283 3340 309 3403 1.
342 3340 373 3401 4.
406 3340 441 3422 6,
478 3338 568 3402 alios.
592 3337 797 3403 Vocabulum
827 3330 978 3418 ἀγόμΦνος
1009 3337 1152 3424 pertinet
1184 3336 1307 3414 adea,

280 3476 362 3542 quae
393 3456 572 3541 composita
602 3462 681 3521 sunt
713 3477 731 3522 e
762 3457 892 3521 nomine
916 3461 951 3521 et
973 3480 993 3521 α
1016 3455 1192 3542 privativo,
1217 3457 1309 3521 velut

280 3575 465 3658 ἀσσλαγχος
510 3578 595 3643 Plat.
634 3578 672 3645 fr.
718 3579 790 3642 113.
834 3576 951 3657 ἀνοργος
994 3575 1116 3642 Oratim
1155 3577 1191 3641 fr.
1233 3579 1308 3643 385.

280 3698 448 3778 ἀμάχανρος
482 3697 635 3762 Pherecr.
669 3696 707 3762 fr.
744 3699 796 3764 82.
829 3695 971 3769 ἄσπονδος
1007 3696 1123 3783 Eupcl.
1160 3696 1197 3761 fr.
1224 3699 1308 3780 234,

281 3816 408 3883 similia.

324 3937 526 4017 ἀγρνοσονάς
550 3938 695 4018 '„heroas
725 3937 810 4002 feros
842 3944 876 4002 et
905 3939 1062 4003 immanes
1093 3937 1253 4004 inducens
1275 3939 1311 4004 in

281 4057 431 4124 scenam''
455 4058 585 4142 (ἀγρίους
609 4058 766 4136 ἀσάγοντα
789 4059 839 4124 καὶ
864 4063 955 4137 ὠμοὺς
979 4062 1044 4133 τοὺς
1069 4059 1159 4140 ἥρωας
1177 4062 1311 4146 Schol.)‚

248 4217 252 4225 ·
282 4180 401 4266 legitur
424 4201 475 4266 ap.
499 4179 666 4267 Aristoph.
691 4181 725 4246 in
748 4182 833 4247 Ran.
858 4205 888 4247 v.
917 4185 991 4248 837.
1016 4184 1055 4248 cf.
1077 4182 1259 4265 πτωχοσονάο
1277 4188 1312 4247 et

282 4301 442 4383 χαλοσαός
471 4302 506 4366 in
536 4302 650 4368 eadem
680 4302 800 4371 fabula.
848 4304 939 4370 Haec
967 4305 1030 4369 tria
1053 4305 1212 4370 vocabula
1235 4310 1313 4369 sunt
