2836 4934
610 295 816 365 Δειπνητικῶς.
975 331 977 335 .
1186 293 1228 354 85

197 532 265 620 puli
288 533 436 616 favorem
461 533 571 620 oopto)
595 533 683 598 Plut.
708 534 744 600 O.
769 534 906 601 Graooh.
931 538 960 600 9.
987 534 1071 622 App.
1097 534 1168 621 Syr.
1188 535 1228 599 16
1258 587 1259 590 .

199 660 230 719 et
253 655 295 719 al.
321 640 405 742 seq.,
429 652 589 730 δοξοκοπεῖν
615 653 766 742 (gloriam
791 658 900 742 capto)
924 677 975 742 sp.
999 656 1087 721 Plut.
1111 656 1228 722 Periol.

199 773 215 836 4
240 778 275 838 et
299 774 339 839 al.
365 794 449 860 seq„
473 782 683 859 πολιτοκοπεῖν,
707 776 729 840 i.
748 797 777 863 q.
802 776 972 854 δημοκοπεῖν
988 797 1040 862 ap.
1057 776 1179 864 Diphil.
1198 778 1228 843 4.

199 897 273 979 429,
299 915 362 983 qno
386 894 487 960 verbo
511 895 576 960 elia
598 897 733 962 notione
756 918 834 962 usus
858 903 908 963 est
931 898 1027 963 Plato
1044 919 1125 964 eom.
1139 899 1174 963 in
1191 898 1229 963 fr.

200 1015 260 1079 105
294 1014 379 1098 (ride
411 1035 437 1080 s.
468 1019 522 1097 n).
553 1015 608 1082 Ad
639 1016 775 1082 formem
799 1017 838 1082 ef.
862 1018 963 1083 etiam
987 1039 1071 1104 quoe
1095 1018 1231 1084 oolleota

197 1141 272 1200 sunt
296 1157 322 1202 s.
346 1158 376 1203 v.
399 1135 588 1214 βυλοοιοπεῑν.
615 1138 666 1202 De
690 1137 924 1225 compositione
940 1138 979 1203 of.
997 1136 1170 1219 ῶνριοποιός.
1189 1174 1229 1188 -
1333 1163 1337 1170 ·

197 1255 282 1322 Vide
306 1256 442 1343 praefat.
466 1258 484 1341 ἕ
510 1260 576 1335 ly.

239 1375 469 1453 δειπνητικῶς
496 1377 714 1462 „cenatorie”,
734 1378 855 1465 legitur
871 1377 958 1466 opud
974 1378 1229 1465 Aristophanem

196 1499 229 1564 in
253 1500 336 1566 th.
362 1523 392 1566 v.
409 1503 512 1568 1016:
537 1501 660 1578 ἤκουσας
685 1503 721 1574 ῶς
742 1501 925 1578 δειπνητικῶς
947 1502 1026 1583 αὑτῶ
1041 1500 1231 1587 διακονεῖται,
1326 1532 1328 1535 ·

196 1622 399 1689 Adverbium
422 1630 473 1690 ost
496 1625 618 1690 oomioo
641 1625 763 1711 fiotum,
789 1626 828 1692 of.
847 1630 1078 1707 κομψευριπικῶς
1099 1626 1160 1712 nq.
1176 1627 1227 1690 18.

196 1744 374 1825 προμηθικῶς
406 1744 468 1811 Av.
490 1747 586 1810 1510.
622 1745 842 1827 παιδοτριβικῶς
866 1747 926 1833 Eq.
955 1747 1040 1829 492,
1065 1750 1125 1811 ete.
1150 1744 1228 1810 Adi.

195 1865 371 1941 δειπνητικός
396 1864 458 1951 „od
482 1886 596 1931 cenam
619 1865 808 1952 pertinens”
827 1848 883 1932 ost
906 1888 956 1953 ep.
974 1865 1053 1931 Ath.
1071 1866 1102 1928 4.
1116 1866 1178 1928 128
1192 1887 1229 1948 a,

199 1986 361 2066 „libenter
383 1983 537 2051 vesoens’'
560 1985 727 2074 Anaxipp.
752 1989 782 2052 4.
804 1988 880 2052 460.
905 1984 990 2052 Vide
1016 1985 1206 2066 οὶρισπητικός.

238 2107 392 2172 δειπνόον
417 2106 576 2192 „cenula”
600 2107 722 2194 legitur
745 2108 831 2196 apud
856 2108 1110 2194 Aristophanem
1132 2109 1167 2173 in
1189 2108 1227 2174 1ο.

195 2230 278 2294 483:
303 2228 360 2293 οὐδ’
381 2226 448 2300 ἴσως
471 2228 631 2306 ἀντέλεγες
655 2229 747 2311 τούτῳ
769 2232 809 2310 σῷ
825 2229 953 2312 δειπνόῳ·
974 2231 1004 2295 οὐ
1019 2232 1079 2310 νόιρ
1094 2228 1228 2295 όικανόαι.

194 2350 443 2416 Deminutivum
479 2356 530 2417 est
564 2351 652 2416 voois
682 2352 802 2437 δεῖπνον,
834 2373 917 2440 quae
948 2354 1067 2439 possim
1097 2352 1228 2439 legitur.

195 2473 244 2539 ef.
279 2471 435 2538 deminnt.
467 2472 623 2552 δειπνάριον
647 2474 768 2562 Diphil.
793 2470 824 2539 4.
849 2477 925 2539 406.
948 2474 1064 2540 Luoill.
1089 2476 1131 2538 29
1157 2474 1227 2557 (XI.

193 2595 269 2679 10);
296 2594 370 2660 vide
394 2595 530 2682 praefat.
554 2597 572 2680 ξ
596 2598 625 2660 7.

237 2713 448 2780 δεκοόπαλαι
488 2721 521 2780 et
559 2714 812 2781 δυδεκοόπαλοιι
852 2737 939 2781 vooo.
977 2716 1098 2781 oomioe
1133 2716 1227 2800 fiete,

190 2838 329 2925 signifio.
364 2837 603 2923 „iamdudum'',
628 2840 784 2926 leguntur
807 2838 894 2925 apud
918 2839 1085 2926 Aristoph.
1108 2839 1143 2903 in
1167 2839 1227 2926 nq.

192 2961 298 3042 1154,
329 2958 536 3026 δεκοόπκλοιι
568 2960 667 3026 otiam
698 2960 785 3048 apud
818 2959 1026 3025 Philonidom
1058 2959 1109 3041 (fr.
1135 2962 1169 3044 8)
1195 2964 1229 3025 et

191 3081 402 3147 Heniochum
435 3079 489 3168 (fr.
515 3079 562 3170 2).
597 3082 638 3147 In
670 3081 784 3147 eodem
814 3082 887 3146 looo
910 3080 1140 3167 Aristophanis
1164 3082 1224 3168 Eq.

194 3204 283 3266 1154
307 3202 520 3267 inveniuntur
543 3208 576 3268 ot
599 3203 783 3281 πρόπαλαι,
810 3201 896 3288 quod
919 3201 1064 3266 imitatus
1081 3206 1131 3266 eet
1146 3202 1226 3267 nuo.

192 3325 278 3389 Lex.
310 3325 330 3386 2
366 3323 419 3408 (ef.
450 3323 551 3410 praef.
575 3323 676 3408 512),
707 3323 904 3404 χιλιόπαλαι,
928 3321 1171 3403 τρισμυριόπαλαι
1195 3328 1228 3388 et

190 3445 561 3525 προπαλαιπαλαίπαλαι
589 3438 629 3526 „oi
653 3444 730 3520 δημ’,
756 3444 813 3521 ἐγὼ
836 3443 933 3519 μέντοι
957 3442 1227 3524 παρεσκευασμένος

191 3566 334 3647 πρόπαλαι
365 3565 512 3642 κοόόημαι,
544 3563 720 3643 βουλόμενός
752 3565 780 3629 π’
812 3567 983 3646 εὐεργετεῖν.
1018 3576 1086 3630 ΑΛ.
1119 3566 1175 3641 ἐνόν
1198 3564 1227 3629 δὲ

191 3685 366 3754 δεκόπαλαό
393 3711 431 3766 νε
462 3688 510 3752 καὶ
534 3685 739 3752 δυδεκοόπαλαι
764 3685 813 3750 καὶ
838 3685 1017 3766 χιλιόπαλαι
1042 3687 1090 3750 καὶ
1115 3709 1226 3765 προπα-

191 3808 455 3874 λαιπαλαόπαλαι.
487 3818 552 3872 ΔΗ.
585 3808 643 3885 ἐγὼ
673 3807 702 3872 δὲ
734 3808 891 3888 προσδοκῶν
923 3831 960 3884 γε
985 3805 1227 3886 τρισμυριόπαλαι

191 3928 397 4009 βδελύττομαι
419 3929 485 4012 σφὼ
509 3929 569 3993 ηαδ
582 3926 963 4009 προπαλαιπαλαίπαλαι.”
988 3927 1036 3992 Of.
1060 3927 1117 3990 Ar.
1138 3926 1225 3991 Plut.

194 4051 280 4117 852:
305 4048 378 4128 οἴμοι
402 4048 584 4127 κακοδαόμυν
608 4048 656 4113 καὶ
677 4048 924 4129 τρισκακοδαίμων
947 4048 997 4112 καὶ
1022 4046 1154 4127 πεπροόκις
1176 4046 1225 4111 καὶ

190 4170 333 4244 πεντάκις
372 4169 422 4235 καὶ
463 4170 626 4243 διοδεκοόκις>
652 4170 701 4236 καὶ
742 4169 885 4251 μυριόκις.
924 4170 1008 4236 Vide
1050 4169 1147 4234 etiam
1185 4167 1226 4232 ed

189 4293 386 4381 χιλιόπαλαι.
