2836 4934
503 307 743 412 Ἐγκολιρβύζειν.
1085 310 1147 374 109

156 552 438 639 ε’γκολορβοίζειν,
463 554 484 618 i.
510 575 538 620 0.
563 561 750 620 καταπατεῖν
773 553 868 638 (Suid
882 552 908 642 )‚
924 553 1045 640 legitur
1061 554 1149 642 apud

108 674 365 762 Aristophanem
396 676 430 740 in
462 675 522 762 Eq.
546 697 576 742 ν.
602 677 685 742 263ι
709 671 762 741 eir*
785 675 978 757 ἀποστρέψας
1004 675 1052 742 τὸν
1074 673 1150 750 ὦμον

107 795 199 862 αὐτὸν
222 795 440 874 ἐνεκολήβασας
464 795 532 881 (Sic
557 807 583 861 Θ
608 816 671 861 sec.
696 816 738 860 m.
763 795 979 874 ἕνεκολοίβνσας
1003 797 1042 861 Β.
1057 796 1092 862 O.
1107 797 1147 863 P.

107 918 150 983 R.
165 917 198 983 S.
212 918 254 983 V.
267 929 305 983 A.
318 917 360 982 Y.
374 917 442 1004 X),
475 917 557 998 παρὰ
589 920 622 984 τὸ
654 918 701 984 ε’πί
731 917 822 990 κύλοις
854 918 974 997 βαίνειν.
1010 918 1085 985 adra
1119 918 1149 984 δὲ

108 1043 125 1117 ἡ
150 1040 267 1122 γαστήρ
291 1039 411 1125 (ιιίλονΡ
434 1038 601 1128 Blaydes).
627 1040 675 1106 Of.
702 1042 839 1122 κολετρίιν
871 1041 957 1108 Nub.
983 1043 1065 1126 552,
1090 1041 1147 1107 ubi

109 1160 220 1229 Schol.
251 1160 332 1226 κατὰ
362 1160 448 1226 κοίλου
479 1160 610 1227 τύπτειν.
644 1161 747 1249 simpl
789 1160 963 1244 κολιρβοίζειν
990 1194 1030 1219 =
1063 1188 1148 1245 προσ-

108 1283 213 1363 κρούειν
250 1280 382 1369 (Suid.).
419 1281 564 1350 Lobeck.
598 1281 737 1371 (Phryn.
772 1284 827 1369 79)
858 1304 928 1350 voc.
954 1283 1148 1368 ε’γαολιρβοίζω

108 1403 237 1470 derivat
260 1426 288 1470 0.
313 1427 343 1470 v.
368 1404 451 1477 κίλος
475 1409 508 1470 01
523 1404 675 1491 explicat
699 1405 752 1487 „in
769 1406 926 1493 poplitem
944 1428 968 1471 s.
987 1407 1147 1493 posticam

108 1526 308 1613 impingere,
332 1525 582 1612 ingeniculare”.
608 1525 643 1591 Si
666 1527 757 1591 locus
773 1526 845 1614 (Εο.
866 1525 947 1616 263)
965 1548 1063 1593 00000
1080 1534 1146 1614 001,

108 1648 245 1714 verbum
268 1646 399 1713 videtur
422 1669 493 1714 esse
509 1647 631 1713 locutio
647 1648 859 1735 palaestrica,
877 1649 945 1715 sive
962 1650 1004 1715 ab
1021 1649 1148 1716 Aristo·

104 1767 217 1856 phane
240 1767 415 1834 formatum
438 1772 490 1833 est
512 1789 532 1832 0
555 1767 659 1856 simpl.
683 1768 868 1854 ιιολνβοίζειν,
890 1769 958 1836 sive
975 1775 1055 1836 ante
1072 1792 1147 1837 eum

106 1890 174 1955 iam
206 1911 267 1955 usu
298 1894 476 1976 receptum.
505 1887 648 1987 Blaydes
672 1894 782 1954 autem
806 1890 993 1977 proposuit:
1018 1891 1148 1973 ἕνεκνρί·

108 2014 232 2099 βασας,
256 2015 329 2079 0011.
353 2011 525 2095 ιοιιρνβοίζειν
548 2011 608 2099 Eq.
633 2014 708 2077 272.

154 2136 452 2217 ε’γκορδνλείσύαι
479 2132 638 2218 „involvi”
658 2135 779 2221 legitur
795 2134 882 2198 Nuh.
901 2136 961 2200 10:
989 2136 1038 2217 „iv
1058 2133 1146 2201 πέντε

109 2258 240 2337 σισύραις
262 2255 568 2339 ε’γκεκορδνλιρμίνος”.
592 2257 702 2325 Schol.
725 2256 983 2338 ἐγκεκαλυμμένος
997 2257 1047 2322 καί
1064 2281 1144 2323 σιινε·
1234 2297 1236 2301 ⁷

105 2381 294 2462 στραμμίνος
316 2379 391 2446 ὥστε
413 2379 486 2457 μηδὲ
508 2377 652 2459 οίνύρύπον
674 2386 785 2459 σχῆμα
801 2378 912 2454 δηλοῦν.
936 2377 1141 2443 Vocabulum

103 2525 127 2570 e
150 2501 319 2569 comoedia
343 2500 518 2587 sumpsisse
534 2498 688 2565 videntur
703 2500 783 2565 Luc.
801 2497 942 2585 Lexiph.
962 2497 1012 2562 13.
1037 2495 1144 2562 Theo·

104 2623 197 2712 phyl.
229 2596 316 2687 Hist.
349 2623 380 2686 2.
415 2623 451 2686 ll
471 2642 503 2707 p.
528 2618 619 2685 471).
651 2619 743 2685 Eust.
777 2618 896 2706 Opusc.
929 2641 961 2706 p.
986 2619 1062 2684 288.
1087 2616 1143 2684 [10.

104 2743 194 2810 Vide
219 2743 354 2832 praefat.
386 2743 473 2827 §ln
514 2741 564 2807 Of.
589 2762 660 2807 voc.
685 2741 870 2822 ίνύριούσύαι,
894 2740 1142 2821 ε’γκοισνρούσύαι,

108 2867 180 2932 0110.
227 2865 278 2930 Ι)0
302 2864 405 2930 forma
429 2861 469 2929 ad
493 2860 653 2944 ἕκααολίζα
676 2862 724 2948 (10
747 2884 779 2931 v.
803 2860 1033 2944 ε’γκορδνλεῒσύαι
1059 2861 1143 2926 ratio
1200 2899 1201 2903 =

109 2987 194 3054 inest
218 2984 320 3052 dativi
342 2984 411 3050 sive
434 2982 741 3072 praepositionalis).

152 3107 277 3187 ἓγκρίς
312 3105 450 3191 „libum‚
483 3103 570 3192 quod
602 3104 673 3170 oleo
705 3103 892 3190 incoquitur
915 3109 949 3170 et
973 3104 1069 3170 melle
1093 3109 1144 3169 iu·

109 3227 281 3294 dulcatur'’
316 3227 374 3312 (H.
400 3225 529 3313 Steph.)
565 3226 687 3312 legitur
721 3223 808 3313 apud
842 3225 1074 3291 Pherecratem
1109 3225 1142 3289 in

108 3349 144 3415 fr.
170 3350 229 3414 83:
261 3349 290 3413 ἕν
320 3353 387 3420 ταῖς
411 3346 480 3418 ύδοίς
505 3344 660 3428 ἁρπαζέτω
683 3346 740 3418 τοὶς
764 3344 909 3425 ἐγκρίδας.
940 3344 1064 3413 Athen.
1092 3346 1143 3410 14.

109 3477 223 3547 6450:
256 3473 401 3559 ἐγκρίδες,
433 3471 601 3551 πεμμοίτιον
632 3469 771 3553 ἑψόμενον
802 3472 831 3535 ἐν
862 3469 950 3551 ἐλαίῳ
980 3468 1029 3534 καί
1062 3470 1143 3546 μετα

108 3601 193 3664 τοῦτο
208 3593 423 3675 μελιτούμενον.
442 3592 598 3660 Similiter
614 3592 776 3679 Hesych,
795 3591 850 3678 qui
867 3591 965 3657 etiam
984 3590 1141 3677 explicat:

108 3717 224 3799 ἐγκρίς·
252 3713 419 3794 γλύκασμα
442 3713 476 3793 ἐξ
498 3715 596 3781 ε’λαίον
620 3712 728 3794 ύδαρές.
756 3710 1041 3792 Ἐγκριδοπύλνς
1068 3712 1143 3798 „qui

108 3837 259 3904 venditat
289 3837 368 3902 talia
397 3835 485 3902 liba''
513 3836 634 3923 legitur
657 3834 743 3922 apud
767 3833 1023 3920 Aristophanem
1045 3834 1080 3897 in
1104 3833 1141 3897 1.

109 3962 192 4036 256,
221 3960 305 4045 265,
330 3964 363 4024 01
387 3978 437 4045 ap.
462 3957 600 4044 Nicoph.
624 3957 658 4021 10
682 3956 720 4020 fr.
748 3958 798 4021 19.
825 3954 947 4020 Vocab.
972 3954 1006 4018 in
1029 3953 1143 4030 -οτύλιρς

107 4080 193 4148 Poll.
219 4082 248 4145 7.
268 4081 454 4145 leo-199.
477 4079 526 4144 De
543 4077 777 4165 compositione
795 4073 1020 4156 01οίγριοποιίς.
1044 4075 1143 4141 Proe-

106 4206 200 4267 teree
222 4198 296 4266 vide
320 4198 416 4287 praef
434 4203 457 4267 t.
482 4200 500 4284 ξ
524 4199 584 4264 31.

153 4321 305 4404 ε’γιιρούα
329 4321 451 4409 signifi:
480 4319 664 4409 „tripudio”
689 4321 827 4406 (Schol.:
852 4317 965 4399 βαίνειν
984 4319 1141 4404 εύρύύμας)
