2836 4934
249 307 298 358 XX
635 306 894 354 PRAEFATIO.

247 531 380 620 λίσκιον,
403 531 549 618 κιρόοίριον,
581 532 804 620 κοσκυλμοίτια,
829 533 993 615 κυλίχνιον,
1018 534 1163 601 καδίσκιον
1186 539 1224 622 (s.
1251 561 1281 603 v.

247 655 363 741 κοίδοι),
380 653 512 735 κιοδοίριον
520 705 529 735 ,
546 658 635 730 κλινίι
644 706 653 737 ,
669 655 813 739 λρδοίριον,
829 657 981 742 λαρκίδιον,
997 656 1147 744 μαζίσκιρ,
1163 683 1282 740 μειρακ·

247 778 331 864 ίσκιρ,
362 777 524 856 μελίττιον,
555 777 722 860 μοσχίδιον,
753 779 924 855 ναστίσκοι,
949 778 1118 857 ὀβελίσκοι,
1143 779 1280 866 οίνίσκοι,

246 899 358 984 όνιδιον,
382 897 528 984 ὀρτύγιον,
551 899 758 985 όφόαλμίδιον,
783 898 945 977 τατρίδιον,
969 897 1118 984 τυρίδιον,
1144 898 1281 984 τυριδιον,

247 1018 489 1105 τερικομμιίτιον,
523 1019 707 1105 ῥαφανίδιον,
741 1019 880 1105 συκιδιον,
916 1021 1083 1098 σκελίσκοι,
1117 1023 1283 1104 σκαλαόυρ·

246 1142 369 1220 μότιον,
394 1142 548 1224 σκορόδιον,
566 1142 777 1227 σανδαλίσκοι,
793 1141 945 1225 στρόφιον,
963 1140 1112 1221 τευόίδιον,
1130 1143 1280 1220 τεκνίδιον,

247 1262 367 1346 τιτίίον,
391 1261 490 1338 ὑιδιον,
516 1261 762 1347 ὑποτριμμότιον,
784 1261 909 1349 φορμίι,
933 1265 1055 1349 χοιρίον,
1077 1262 1280 1348 χνανμοίτιον,

248 1380 539 1467 χρυσομηλολόνθιον,
575 1381 739 1470 χρυτίδιον,
775 1382 913 1466 αἱγίδιον,
948 1382 1127 1462 οίμντίσκοι,
1160 1383 1280 1467 αμνίον,

245 1502 379 1586 οίφύδια,
411 1501 573 1586 ρἰσμοίτιον,
603 1502 761 1589 βαόριδιον,
785 1502 942 1590 ναλιδειίι,
967 1502 1104 1581 δειτνίον,
1128 1501 1280 1584 ε’σχοίριον,

246 1623 388 1703 καλίδιον,
421 1623 689 1712 καταχυομοίτιον,
720 1624 917 1709 κορακινίδιον,
944 1624 1141 1710 κολοκύντιον,
1165 1641 1282 1703 καλυμ-

245 1745 368 1832 μιίτιον,
392 1746 555 1832 κατρίδιον,
578 1747 709 1832 κορίσκη,
733 1747 907 1829 λεκανίσκν,
931 1744 1121 1827 μοχλίσκιον,
1135 1744 1281 1832 μυρίδιον,

246 1868 434 1954 περιστέριον,
477 1867 574 1950 τεζίι,
617 1868 823 1946 ταλκμοίτιον,
863 1866 1045 1942 ταλλιίκιον,
1085 1865 1280 1949 σταμνοίριον,

247 1990 400 2074 στινίδιον,
425 1990 585 2070 ομινόδιον,
609 1990 784 2066 στυλοίδιον,
810 1988 982 2071 σνρτιδοίριον.
1109 2067 1111 2070 ⁴

290 2114 308 2197 ξ
332 2113 362 2176 8.
397 2112 575 2179 Praeterea
598 2112 701 2177 multa
720 2111 912 2178 vocabula
933 2133 952 2177 a
971 2111 1101 2176 comicis
1123 2132 1169 2177 ex
1190 2112 1278 2177 aliis

246 2234 377 2321 poetis
401 2238 469 2300 tam
493 2235 614 2322 epicis
639 2255 736 2322 quam
761 2234 925 2321 tragicis
945 2238 979 2299 et
995 2233 1132 2320 lyricis
1149 2240 1279 2322 sumpta

246 2355 299 2421 vel
321 2354 363 2421 ad
387 2376 499 2421 eorum
523 2356 716 2444 scriptorum
741 2355 925 2442 analogiam
948 2354 1025 2420 ficta
1048 2360 1142 2439 sunt,
1159 2356 1277 2443 partim

246 2477 288 2544 ad
312 2477 489 2563 dictionem
511 2478 641 2543 illorum
664 2483 835 2566 poetarum
858 2476 1069 2560 imitandam,
1093 2476 1212 2564 partim
1236 2476 1277 2542 ad

246 2621 301 2666 eos
337 2599 549 2685 deridendos,
590 2601 733 2689 qualium
768 2599 1000 2666 vocabulorum
1035 2619 1113 2682 usu,
1153 2603 1280 2665 mutata

246 2722 379 2787 notione
410 2723 463 2788 vel
495 2723 598 2788 forma
629 2724 682 2788 vel
706 2723 940 2810 compositione
964 2721 1017 2787 vel
1041 2725 1200 2786 contextu
1225 2723 1277 2788 vel

245 2843 386 2931 denique
411 2832 485 2909 totav
504 2844 664 2928 dictione,
689 2845 772 2911 risus
797 2847 956 2931 captatur.
985 2842 1104 2909 Cetera
1127 2863 1211 2928 qnae
1236 2841 1276 2908 de

244 2966 431 3032 huiusmodi
458 2967 624 3033 vocabulis
649 2966 712 3032 dici
734 2971 873 3054 possunt
896 2965 956 3029 sub
981 2962 1117 3049 singulis
1142 2962 1276 3028 vocibus

244 3088 359 3154 melius
384 3088 638 3154 collocabuntur.
675 3087 756 3154 Mihi
781 3090 990 3154 occurrerunt
1007 3082 1167 3150 eiusmodi
1182 3105 1277 3150 voca·

243 3208 321 3274 bula
344 3210 536 3296 praesertim
559 3209 657 3276 haec:

267 3314 476 3413 ’όριζήλωτοῃ
502 3331 631 3417 ότρνρόι,
655 3329 929 3408 μελανονεκυείμαν,
945 3327 1148 3408 λαιμότμητοι
1156 3375 1167 3407 ,
1184 3328 1276 3394 ἕκτα-

241 3451 354 3537 βόειοι,
397 3452 582 3534 εὑρησιετιίι,
625 3453 821 3535 εἰκελόνειροι,
860 3451 1020 3535 λυσανίας,
1060 3452 1273 3531 λευκοτλνρόνίς,
1341 3525 1352 3546 ·

242 3574 444 3654 συκοτὲδιλοι,
467 3576 667 3661 τροχήλατοι,
685 3575 853 3654 ὑλοδρόμοι,
870 3571 1126 3656 χαλκοφοίλαροι,
1143 3574 1274 3661 χαλκίς,

241 3698 405 3782 οίμαρυνοί,
427 3696 624 3785 ἀμαυρόβιοι,
649 3698 879 3780 αἱμασιολονεῖν,
905 3696 1160 3783 είειειειειειλίσσω,
1185 3697 1275 3762 ἑλικο-

240 3817 425 3900 βόοτρυχοι,
463 3818 653 3905 ἑλκετρίβιιν,
684 3819 947 3904 κεφαληγερέται,
978 3817 1120 3896 κόβνλιι,
1153 3833 1274 3884 λακτα-

241 3949 316 4024 τείν,
348 3940 544 4025 σακεσφόροι,
577 3940 821 4029 ὑφαντοδόνντοι,
845 3941 1020 4022 οίεροννχήι,
1045 3939 1271 4027 οίιιοβότκομαι,

241 4066 371 4151 δίτυροι,
410 4061 599 4144 οὶεροδόνιιτοι,
636 4065 860 4140 οίτοτκτνρτέον,
896 4063 1125 4148 αίματοτοίτνι,
1161 4065 1273 4128 ε’τικοκ·

241 4187 383 4267 κοίστρια,
408 4185 603 4267 όραυσοίντυξ,
627 4188 794 4267 τρνμαίνα,
819 4185 1060 4269 σκευοφοριοίτνι,
1085 4184 1237 4252 εἱλίτοδει.

287 4308 464 4378 Praeterea
495 4328 595 4375 unum
628 4313 721 4376 extat
744 4307 953 4389 vocabulum,
978 4305 1064 4394 quod
1089 4327 1107 4371 e
1131 4307 1272 4374 carmine
