2836 4934
191 291 253 353 136
619 287 795 367 Ἐτνύρυσνς.

187 533 341 610 δαιμονεῑν.
376 535 416 598 In
442 535 684 614 ἓτερεγκεφαλύν
706 532 793 598 inest
817 530 935 611 ἑτέρωθι.
960 531 1064 597 Simul
1086 531 1228 597 verbnm

189 663 239 722 est
274 655 552 722 denominativum
587 656 621 720 in
656 657 706 720 -ο”ον
741 656 797 740 (=
834 656 922 740 οἷον),
955 654 1042 741 quod
1075 654 1228 720 morbum

189 778 289 844 animi
313 779 366 844 vel
390 778 533 865 eorporis
558 777 722 864 exprimit.

233 901 415 980 ἕτνύρνονς
442 897 611 982 „tudioula
634 920 661 962 e.
684 898 833 964 cochlear
856 920 921 985 qno
944 898 977 963 τὸ
1000 898 1077 972 έτνος
1102 920 1146 964 ex
1163 901 1229 965 olla

188 1019 432 1108 expromimns''
465 1020 586 1106 legitur
610 1041 660 1107 ap.
685 1019 896 1107 Aristophan.
920 1019 955 1084 in
978 1020 1061 1084 Aah.
1085 1043 1116 1088 v.
1142 1024 1227 1087 245;

188 1140 292 1212 οἰνάδος
322 1143 374 1215 τύν
406 1140 548 1222 ἐτνήρυσιν
579 1137 613 1204 ἵν’
643 1139 720 1212 ἔτνος
748 1139 891 1221 καταχέω
926 1143 1103 1220 τούλατῆρος
1130 1147 1165 1208 et
1189 1144 1227 1208 fr.

191 1265 265 1328 779.
291 1262 398 1330 Sohol,
423 1264 452 1326 ἐν
475 1259 494 1344 ᾖ
516 1261 548 1326 τύ
572 1261 649 1333 ἔτνος
672 1261 818 1343 ὐρύονταο.
847 1262 896 1327 Of.
924 1285 952 1326 v.
979 1263 1113 1342 οἰνήρυονς
1142 1264 1227 1329 Aah.

192 1387 276 1450 1067
311 1389 344 1449 et
375 1382 534 1465 ζωμήρυονς
561 1381 699 1448 Anthol.
730 1383 780 1447 VI
806 1385 878 1448 101.
911 1421 951 1432 -
977 1383 1063 1450 Vide
1086 1386 1228 1472 praefat.

189 1504 293 1592 §3ss
325 1505 376 1572 of.
408 1505 507 1570 etiam
537 1504 674 1576 έτνοδόνος
705 1504 803 1584 τορύνη
830 1505 866 1570 in
889 1506 1026 1571 Anthol.
1052 1508 1123 1573 Pal.
1149 1507 1226 1597 (VI.

190 1627 266 1691 305.
305 1627 403 1709 306);
442 1624 518 1698 ἔτνος
558 1626 686 1713 saepius
725 1626 847 1712 legitur
878 1648 929 1714 ap.
962 1627 1151 1716 Aristoph,
1176 1652 1228 1718 ap.

191 1748 277 1813 Plat.
302 1747 404 1835 Hipp.
428 1748 503 1812 mai.
529 1746 629 1813 290d
652 1753 687 1813 et
710 1753 860 1834 sequent.
886 1785 926 1796 -
952 1749 1002 1815 De
1027 1749 1131 1815 forma
1154 1750 1230 1818 vide

194 1869 367 1950 ὐνροοποοές.

239 1991 356 2070 εὐερ1α
387 1989 516 2078 proprie
551 1994 602 2055 est
640 1994 764 2069 „statuo
796 1989 883 2077 eius,
917 1990 972 2077 qui
995 1992 1132 2078 pulohra
1154 1992 1232 2058 lana

195 2113 334 2178 restituo
366 2112 436 2177 est’'
469 2117 503 2177 et
534 2109 653 2177 deinde
684 2116 859 2198 usurpatur
882 2132 940 2199 pro
968 2113 1056 2194 „vita
1079 2115 1231 2179 omnibus

119 2235 123 2242 “
196 2234 291 2298 bonis
322 2231 499 2298 affluente’'
531 2229 618 2318 apud
649 2233 822 2297 Platonem
852 2232 887 2297 in
917 2232 953 2298 fr.
990 2236 1070 2299 loo:
1099 2241 1232 2302 τοσοῦτον

194 2357 303 2436 εὐερίας
328 2353 518 2435 ἀπολέλαυκ’
544 2352 739 2433 Ὑπέρβολος,
762 2352 836 2418 ὥστε
860 2354 1039 2427 οὐύλνύτατύς
1056 2356 1128 2422 ἕστο.
1153 2356 1229 2421 Adi.

64 2573 66 2576 .
194 2480 287 2562 εὐερος
319 2486 369 2545 est
399 2501 448 2566 ep.
482 2478 581 2566 Soph.
614 2479 668 2543 Tr.
705 2480 780 2542 672.
816 2479 873 2543 Ar.
910 2478 971 2543 Av.
999 2480 1072 2543 121.
1109 2480 1233 2546 Oratin.

195 2604 233 2667 fr.
261 2603 333 2666 175.
368 2601 418 2666 De
443 2600 636 2665 formatione
661 2599 700 2667 of.
723 2597 890 2677 ὐγοολοοξία.
915 2639 958 2648 -
981 2600 1067 2666 Vide
1092 2602 1230 2689 praefat.

196 2726 213 2808 ξ
240 2724 295 2786 2α
321 2725 349 2785 1.

241 2844 405 2923 εὐπτερος
441 2842 597 2927 „nobilis‚
630 2842 807 2930 superbuo''
840 2850 1015 2931 usurpatur
1037 2845 1078 2909 ab
1104 2846 1233 2910 Aristo·

197 2967 304 3054 phane
342 2966 378 3029 in
412 2964 498 3028 Nub.
534 2986 564 3027 v.
602 2966 684 3029 800:
721 2965 798 3029 ἔστιν
833 2965 864 3028 ε’νο
900 2970 1044 3043 γυναοαῶν
1081 2966 1234 3046 εὐπτέρων.

198 3089 322 3154 Sohol.:
358 3090 375 3162 ἦ
406 3086 565 3169 μεταφοροὶ
595 3086 655 3150 ὐπὸ
687 3091 743 3150 τῶν
773 3085 885 3165 ὐρνέων,
918 3089 973 3151 τῶν
1006 3086 1155 3168 μετεώρων
1185 3089 1234 3153 καὶ

198 3209 398 3292 ὐπερνφοένων.
430 3209 447 3283 ἢ
478 3209 619 3288 εὐπτέρων
647 3213 701 3272 τῶν
725 3209 827 3286 τομίων
851 3209 899 3273 καὶ
924 3211 1057 3287 εὐγενῶν.
1086 3208 1236 3290 Εὐπτερος

199 3332 306 3418 signif.
338 3329 469 3418 proprie
505 3329 609 3410 „bene
641 3330 768 3394 alatus”
803 3328 889 3416 apud
915 3304 1015 3417 Sophss
1039 3330 1131 3395 O.R.
1162 3333 1235 3395 175.

200 3453 275 3517 Eur.
306 3451 378 3517 Ion.
413 3451 507 3514 1023.
540 3450 639 3514 Arist.
663 3451 706 3515 H.
732 3452 772 3516 A.
801 3452 830 3518 1.
857 3453 886 3514 1.
921 3490 961 3501 -
986 3451 1072 3519 Vide
1097 3455 1236 3541 praefat.

201 3577 298 3659 §2a
318 3577 346 3640 1.
379 3573 427 3637 ef.
458 3572 635 3653 εὐπτέρυνος
669 3571 826 3660 (proprie)
856 3573 938 3662 Opp.
964 3575 1000 3640 O.
1025 3578 1056 3639 3.
1086 3578 1158 3641 125.
1183 3576 1237 3642 Ad

201 3697 354 3762 formam:
394 3694 571 3776 κακέππερος
603 3694 705 3760 Arist.
738 3695 779 3759 H.
813 3696 853 3760 A.
890 3698 920 3761 9.
958 3698 1010 3762 22.
1046 3695 1239 3777 κυανόπτερος

203 3819 279 3882 Hes.
305 3817 356 3881 So.
383 3818 457 3881 393.
482 3815 559 3882 Eur.
583 3814 687 3882 Andr.
714 3816 788 3879 862.
812 3817 1028 3895 μελανόπτερος
1052 3815 1127 3881 Eur.
1153 3818 1237 3883 Heo.

203 3943 276 4005 698.
312 3939 369 4003 Ar.
395 3939 456 4003 Av.
482 3939 557 4004 695.
581 3939 777 4019 μακρύπτερος
801 3938 938 4004 Aristot.
962 3944 1043 4026 part.
1068 3960 1119 4004 an.
1149 3943 1177 4004 l.
1205 3943 1237 4009 4.

203 4059 415 4139 ποοκνλέπτερος
440 4059 516 4124 Eur.
541 4061 641 4148 Hipp.
670 4061 773 4136 1270,
801 4061 928 4124 similia.

248 4179 355 4262 εὐρὰξ
386 4179 508 4257 πατοέξ
530 4181 650 4267 legitur
673 4180 760 4268 apud
783 4181 1037 4269 Aristophanem
1059 4184 1094 4247 in
1118 4185 1181 4252 Ar.
1207 4211 1239 4252 v.

208 4303 311 4368 1258:
339 4304 407 4385 „ozia
430 4303 641 4388 ὐποσοβύπενςς
666 4308 696 4368 οὐ
719 4303 854 4388 ταχέως
880 4303 967 4385 εὐροὶξ
991 4303 1106 4383 πατάξ.
1133 4307 1241 4394 Signi-
