2836 4934
279 295 341 357 132
640 292 938 373 Ἐπιτραπεζώματα.

275 539 332 604 fat.
357 541 374 624 ᾗ
398 541 434 623 5;
458 543 626 625 praeterea
650 537 763 604 oomioi
779 539 1033 626 metaphoricam
1048 539 1121 605 roei
1140 538 1311 605 notionem

277 657 489 743 addiderunt,
521 659 588 724 soil.
619 658 786 724 affrioaudi
818 660 914 724 alioui
944 661 1034 726 vilia.
1060 661 1210 747 Compos.
1234 664 1311 727 οὶπο-

276 781 363 858 ομοέω
387 786 437 846 est
461 803 511 868 ap.
537 781 712 866 aequiores.
737 781 871 859 διαομοέον
895 782 1020 848 Herod.
1046 785 1077 848 2.
1103 784 1155 847 37.
1187 782 1309 861 ἐκομοέιο

277 904 357 969 ibid.
383 906 413 968 3.
441 905 514 969 148.

321 1025 651 1106 ἐπιτραπεζώματα
685 1031 761 1090 sunt
798 1027 858 1108 „rob
892 1027 1076 1105 ἐπιτιθέμενα
1110 1037 1147 1109 τῇ
1178 1028 1334 1110 τραπέζρ·

274 1145 443 1226 βρώματα”
474 1144 560 1233 apud
592 1147 764 1211 Platonem
794 1147 828 1211 in
860 1147 897 1210 fr.
931 1149 989 1232 14,
1024 1147 1202 1213 seeundum
1226 1149 1307 1213 Ath.

278 1271 328 1332 14.
355 1270 415 1332 641
434 1268 456 1333 b
481 1266 595 1333 eadem
619 1289 702 1353 quae
725 1268 766 1333 τοὶ
781 1270 991 1350 ἐπιφορήματα
1009 1267 1138 1354 (mensa
1153 1270 1308 1354 secunda,

275 1389 459 1469 τραγήματα
489 1388 536 1452 ἐπὶ
568 1387 602 1452 τὸ
632 1388 752 1453 δεῖπνον.
785 1389 961 1475 Heuyoh.)‚
993 1390 1079 1476 quod
1112 1391 1309 1456 vocabulum

274 1508 395 1594 legitur
417 1529 468 1594 ap.
492 1506 618 1572 Herod.
645 1510 671 1572 1.
697 1509 779 1591 133,
803 1509 883 1576 Luo.
908 1510 990 1576 Lex.
1016 1512 1045 1573 8.
1071 1510 1218 1597 Simplex
1238 1534 1308 1590 τρα-

273 1632 399 1713 πέζοομα
429 1632 530 1698 habel
554 1631 721 1712 Eusialh.‚
746 1633 833 1699 verb.
858 1631 1016 1714 τραπεζοῦν
1040 1633 1095 1718 (z
1121 1642 1157 1715 τῇ
1181 1632 1311 1716 τραπέζρ

276 1755 443 1840 ἐπιτιθέναι)
469 1755 568 1841 Soph.
592 1755 630 1821 fr.
656 1755 731 1818 541.
763 1754 984 1838 (ἐπιτραπεζοῦν
1009 1776 1076 1820 uon
1098 1753 1247 1844 legitur).
1265 1793 1315 1849 -K

275 1875 325 1959 01.
350 1875 486 1964 praefat.
511 1877 528 1960 ᾗ
553 1878 582 1940 5.

321 1996 523 2079 ἐπιχαρτνς
546 1997 567 2061 1.
593 2019 623 2085 q.
650 1995 845 2079 „lrrxalpoa”
876 2001 926 2063 est
949 2019 1000 2085 ap.
1032 1996 1240 2063 Philonidem
1270 1996 1309 2061 1.

280 2123 329 2186 11.
362 2119 445 2185 Poll.
471 2121 501 2183 3.
537 2119 615 2183 101:
651 2117 804 2192 Φιλωνίδης
835 2117 864 2182 δὲ
891 2118 940 2183 τὸν
966 2118 1156 2200 ἐπιχαίροντα
1183 2118 1310 2199 ἐπιχαρ-

276 2268 327 2317 τνν
351 2240 452 2322 ripuar.
476 2237 595 2304 Utrum
618 2237 780 2320 ἐπιχέρτνο
800 2238 853 2303 hio
876 2237 999 2304 dictum
1016 2240 1058 2303 sit
1074 2237 1115 2304 de
1134 2237 1310 2322 „laetando

277 2364 391 2429 alienis
422 2362 535 2429 malis''
568 2384 609 2427 au
640 2362 745 2427 solum
777 2360 816 2426 de
852 2359 1043 2447 „gaudendo
1067 2361 1176 2448 aliqua
1198 2359 1310 2443 re’',e

276 2483 367 2549 brevi
401 2483 584 2569 fragmento
619 2487 707 2547 oerto
740 2481 871 2568 quidem
904 2482 985 2546 seire
1017 2502 1083 2546 non
1113 2502 1308 2569 possumus,

276 2602 332 2667 sed
362 2601 441 2666 illud
473 2606 582 2666 lamen
607 2601 647 2666 ob
669 2601 836 2687 vulgarem
860 2622 953 2666 usum
979 2602 1035 2685 (=
1060 2602 1313 2687 ἐπιχαιρεκαιιεῖν)

274 2722 372 2808 longe
403 2726 454 2786 est
484 2720 693 2807 probabilius.
727 2722 777 2786 De
809 2721 1172 2799 1οιωοο1.βαβοέκτνο.
1204 2722 1312 2791 Verb.

275 2843 417 2923 ἒπιχαέροο
441 2847 491 2907 eet
514 2842 571 2906 Ar.
597 2841 657 2907 Th.
679 2844 755 2906 314.
779 2843 856 2910 Pac.
876 2844 971 2907 1015.
995 2843 1090 2908 Dem.
1108 2846 1138 2908 9.
1163 2844 1218 2910 61.
1238 2842 1313 2929 Ap.

275 2962 339 3029 Rh.
365 2963 395 3025 4.
422 2963 474 3026 55.
508 2961 607 3049 Soph.
632 2962 685 3028 Αἰ.
714 2965 792 3046 136,
824 2963 968 3028 scribens
991 2963 1023 3028 οὲ
1046 2964 1071 3029 δ’
1094 2960 1126 3029 εὖ
1151 2963 1313 3042 πράσσοντ’

275 3086 439 3167 ἐπιχαίρει,
465 3105 484 3148 a
507 3085 655 3150 sollemni
678 3085 775 3150 huius
800 3085 969 3172 compositi
993 3106 1055 3150 usu
1079 3084 1226 3152 descivit.

321 3203 473 3285 ἐπιχέζοο
501 3205 631 3284 „inoaoo
656 3227 681 3270 s.
705 3227 781 3270 oaoo
806 3203 921 3294 super''
938 3206 1060 3292 legitur
1076 3205 1163 3294 apud
1180 3206 1312 3273 Aristo·

276 3327 415 3413 phanem
439 3327 474 3390 in
497 3328 572 3414 Lys.
598 3350 628 3392 v.
653 3329 728 3391 440.
753 3329 829 3392 441.
854 3328 940 3393 ΕοοΙ.
967 3350 996 3392 v.
1023 3329 1097 3393 640.
1122 3329 1198 3394 Alia
1223 3351 1312 3396 oom-

275 3448 381 3535 posila
403 3447 477 3513 vide
501 3470 526 3516 s.
550 3471 580 3513 v.
604 3448 731 3530 ἐνχέζω.
759 3487 797 3498 -
823 3449 871 3514 01.
895 3451 996 3537 praef.
1020 3453 1038 3536 ξ
1062 3454 1125 3525 oa.

321 3569 491 3650 ἐπίχντος
526 3592 650 3656 „genus
674 3569 837 3658 quoddam
860 3572 1050 3659 placentae”
1073 3573 1193 3660 legitur
1217 3577 1311 3662 apud

276 3689 471 3776 Nioophont.
507 3690 541 3754 iu
576 3691 614 3755 fr.
654 3692 704 3756 15.
741 3690 848 3777 Etym.
881 3714 922 3757 m.
948 3695 1031 3775 367,
1060 3694 1116 3760 22;
1146 3694 1312 3783 ἐπέχντος,

274 3813 288 3877 ν’
317 3811 446 3891 ἐνχντος
480 3818 620 3884 πλακοῦς.
657 3813 800 3898 Hesyoh.
836 3815 993 3894 ἐπίχντος·
1029 3811 1100 3888 εἶδος
1136 3816 1312 3895 πέμματος.

276 3935 324 4000 01.
349 3935 484 4024 praefat.
509 3937 609 4022 §333
635 3938 774 4018 ἐπίκοτος
798 3941 928 4027 proprie
945 3946 996 4006 est
1016 3940 1085 4018 adi.
1097 3942 1183 4007 verb.
1201 3943 1313 4027 (uerbi

276 4058 395 4142 ἐποχέα)
419 4057 459 4122 ad
483 4057 570 4145 quod
595 4058 696 4123 subet.
721 4066 852 4132 πλακοῦς
876 4061 1086 4147 cogitandum
1110 4068 1169 4130 eei.

320 4182 449 4244 ἐποποῖ
478 4185 527 4245 est
550 4201 616 4245 vox
639 4202 787 4268 upupae,
821 4203 904 4268 quae
928 4183 1048 4269 legitur
1070 4183 1156 4272 apud
1179 4155 1314 4254 Aristo·

276 4301 416 4387 phanem
447 4301 481 4366 in
512 4301 575 4371 Av.
605 4323 635 4368 v.
662 4303 713 4366 58.
740 4306 792 4369 50.
819 4307 871 4370 60.
896 4305 944 4370 01.
969 4305 1068 4372 oliam
1091 4307 1316 4377 ἐποποποποπο-
