2836 4934
190 310 252 373 128
595 307 809 386 Ἑπεγκοὶππω.

187 553 289 617 λεπτοὶ
318 552 416 633 ἰχθύες
448 553 540 622 ὀπτοί.
582 541 706 619 Eodem
734 574 832 619 sensu
859 554 979 640 legitur
1006 532 1216 633 οὶνθοοικίδες

188 672 273 760 apud
296 674 464 762 Aristoph.
489 673 543 763 (fr.
568 677 643 759 900)
669 680 702 740 et
725 675 914 762 Philyllium
937 675 989 760 (fr.
1017 673 1095 764 13):
1128 673 1218 756 αἴρετ’

186 794 373 875 tattonem,
402 794 526 877 ποίγλκ,
558 794 667 874 οοιογός
691 799 752 861 ete.
780 832 819 844 —
844 796 991 862 Verbum
1014 795 1217 878 οέποινθοοοκίζω

189 914 250 982 Av.
272 917 366 981 1546.
390 915 474 982 Rau.
501 917 584 1001 506,
607 918 772 998 ἕπονθροοκῶ
796 917 880 982 Poll.
898 919 928 982 6.
947 919 999 984 55.
1024 917 1216 999 Ἐποονοροοκίς

187 1034 334 1121 (singul.)
357 1035 487 1102 videtur
509 1036 608 1103 fuisse
631 1038 723 1125 panis
747 1038 910 1126 quoddam
933 1060 1053 1125 genus:
1083 1041 1158 1110 Ath.
1184 1043 1215 1107 3.

189 1157 253 1220 110
269 1179 296 1222 a.
322 1157 369 1222 Gi.
396 1180 465 1224 voe.
489 1159 625 1240 τριχίδες.
653 1198 693 1209 -
718 1159 793 1228 Vid.
818 1160 954 1248 praeiet.
979 1164 997 1247 ξ
1021 1161 1083 1244 3ζ.

232 1280 450 1357 ἔπεγκοὶπτοι
474 1285 525 1346 est
551 1289 782 1365 ῃκοοτοιφοιγεΐν,
806 1284 967 1365 ἐπιφαγεῖν
993 1284 1146 1371 „insuper
1163 1283 1215 1349 de-

187 1398 285 1466 voro’'
308 1423 359 1488 ap.
383 1402 441 1468 Ar.
466 1402 525 1490 Eq.
551 1404 635 1468 493:
658 1403 712 1485 ἔχε
732 1429 796 1488 νυν,
820 1405 992 1486 ἐπέγκαψον
1014 1405 1117 1482 λαβὼν
1140 1406 1215 1472 τιδι’.

187 1521 356 1600 ε’γκοὶππω
383 1523 496 1606 „avide
520 1524 676 1591 eomedo”
701 1531 751 1590 est
774 1527 832 1592 Ar.
856 1528 932 1593 Pao.
959 1529 988 1593 1.
1013 1528 1114 1615 Vesp.
1143 1530 1215 1595 191.

189 1646 302 1711 Stratt.
326 1645 363 1710 fr.
388 1648 442 1711 25.
465 1645 597 1712 Alexid.
623 1650 653 1711 3.
678 1649 752 1713 437.
778 1649 880 1714 Leon.
905 1649 979 1713 Tar.
1001 1650 1042 1712 20
1059 1648 1106 1732 (9.
1126 1649 1214 1732 316).

190 1766 238 1832 uf.
269 1749 404 1854 praefat.
435 1770 453 1853 ἓ
479 1770 528 1836 12.
560 1767 672 1835 Katane
704 1768 819 1835 eodem
848 1790 945 1835 sensu
968 1771 1025 1834 Ar.
1050 1770 1113 1835 Av.
1140 1771 1215 1838 245.

100 1943 104 1949 .
189 1889 277 1954 Eool.
311 1891 386 1957 687.
418 1889 573 1956 Teleolid.
605 1890 643 1956 fr.
675 1893 728 1956 33.
764 1891 930 1979 Aristoph.
962 1892 1001 1960 fr.
1034 1893 1110 1958 302.
1135 1892 1216 1975 506;

189 2009 312 2076 κιὶππειν
335 2010 464 2098 proprie
487 2010 662 2078 adhibetur
681 2010 722 2076 de
738 2012 949 2096 animalibus,
965 2012 1159 2099 praesertim
1177 2010 1215 2077 de

192 2132 318 2198 Avibus
350 2130 430 2223 (vid.
461 2154 508 2198 vs.
540 2135 616 2218 245)
640 2132 879 2220 respondetque
902 2133 1010 2199 verbis
1033 2135 1216 2201 vernaculis

189 2255 343 2342 happen
368 2259 402 2319 et
425 2254 581 2341 pikken.
605 2254 654 2319 ef.
679 2255 777 2320 etiam
800 2254 951 2336 ἕγκοιφος,
975 2254 1215 2334 ε’γκοιψικίδοοοιος.

190 2374 276 2462 quod
299 2375 464 2441 Luoianus
487 2375 626 2463 Lexiph.
648 2378 687 2440 10
711 2397 729 2441 e
750 2375 916 2441 comoedia
935 2376 1109 2463 sumpsisse
1126 2375 1215 2442 vide·

192 2504 266 2583 tur,
289 2496 479 2582 ποινοικοὶπκ,
504 2502 538 2562 et
560 2496 625 2562 vid.
651 2495 785 2583 praefat.
810 2499 828 2581 ξ
851 2498 881 2561 5.

234 2619 388 2691 ἐπέτειος
419 2618 526 2704 signif.
562 2616 765 2700 „mutabilis”
790 2615 876 2704 apud
900 2615 1154 2702 Aristophanem
1177 2615 1211 2679 in

117 2778 118 2782 ,
190 2742 249 2830 uq.
274 2763 303 2807 v.
333 2742 415 2805 518:
451 2740 529 2815 ὑμᾶς
561 2764 594 2804 πε
625 2737 722 2804 πάλοι
753 2737 969 2816 διαγιγνώσκων
997 2737 1142 2809 ἐπετείους
1166 2737 1217 2810 τὴν

188 2863 277 2945 Φύσιν
300 2861 393 2934 ὄντος.
422 2859 547 2927 Sobel.:
571 2859 832 2938 εὐμεποιβλήπονς,
856 2857 1025 2942 ὀλιγώρους,
1050 2859 1092 2934 μὴ
1114 2857 1217 2934 διοικέ-

190 3009 288 3057 νοντοις
312 2985 340 3048 ἐν
362 2989 420 3055 τοῖς
445 2985 543 3055 οιύτοῖς
563 2982 634 3047 ἀλλ’
653 2979 817 3061 οἱψικόοονς.
853 2979 900 3045 Of.
921 2978 1105 3057 μεποὶβονλος
1131 2978 1214 3043 Aah.

191 3109 265 3172 632.
289 3105 437 3176 Ἐπέτειος
461 3103 590 3192 proprio
614 3106 788 3190 usurpatur
812 3100 852 3167 de
875 3101 995 3188 plantis
1018 3106 1053 3167 at
1069 3099 1216 3165 animali·

189 3229 268 3312 bus,
292 3247 375 3314 quae
399 3246 465 3290 non
490 3224 612 3289 diutius
636 3245 732 3311 quam
756 3244 813 3310 per
829 3218 930 3288 unum
946 3243 1067 3287 annum
1084 3219 1215 3288 durant.

189 3346 352 3433 Theophr.
376 3345 484 3410 Plant.
508 3347 539 3409 4.
565 3346 595 3408 6.
620 3346 659 3428 4;
693 3343 810 3410 deinde
834 3344 933 3409 etiam
958 3342 998 3408 de
1022 3342 1093 3407 aliis
1117 3343 1215 3408 rebus

188 3468 281 3533 Dem.
307 3469 359 3531 23.
384 3468 444 3550 92;
477 3466 530 3531 33.
555 3465 608 3529 27.
633 3464 703 3529 Pol.
730 3466 760 3529 6.
785 3466 846 3547 46,
870 3469 937 3531 est:
973 3461 1141 3546 „annuus”
1164 3485 1216 3551 ap.

187 3590 306 3656 Aesoh.
330 3589 393 3676 Ag.
419 3591 494 3654 988.
518 3589 597 3654 Her.
623 3589 745 3653 6.105.
771 3588 855 3653 Plat.
879 3587 963 3673 Rep.
986 3586 1016 3651 5.
1039 3587 1105 3651 410
1121 3585 1154 3651 b.
1173 3623 1214 3634 -

188 3709 236 3776 cf.
260 3709 396 3797 praefat.
420 3711 437 3794 ᾗ
461 3712 480 3774 2
504 3734 524 3772 οι
544 3710 572 3774 1.

233 3831 390 3913 ε’πιβοιύξ
423 3833 628 3916 „affluenter,
659 3831 811 3897 abundo”
839 3830 958 3916 legitur
982 3828 1068 3916 apud
1092 3828 1215 3896 Phere-

188 3960 309 4020 cratem
339 3955 373 4020 in
403 3954 439 4019 fr.
474 3954 554 4037 130,
586 3974 616 4017 v.
649 3955 687 4017 4:
716 3950 841 4022 ποτοιοοο)
864 3950 1053 4030 κοχυδοῦντες
1075 3946 1213 4027 ἐπιβλύξ.

188 4076 334 4142 Verbum
364 4074 512 4156 ἕπιβλύζω
545 4075 669 4158 (affluo)
701 4079 750 4139 est
782 4095 832 4161 ap.
865 4070 1045 4139 Leonidam
1068 4071 1214 4137 Alexan·

187 4197 316 4264 drinum
354 4200 394 4262 10
434 4194 551 4284 (Anth.
587 4197 657 4265 Pal.
692 4196 753 4260 IX.
783 4196 868 4279 340)
903 4224 943 4248 =
983 4192 1115 4269 ἕπιβλύοι
1148 4194 1212 4282 Ap.

188 4319 296 4387 Rhod.
328 4319 358 4384 4.
394 4321 490 4386 1238.
520 4317 627 4383 Etiam
651 4317 790 4404 simplex
811 4315 912 4397 βκύζο
937 4315 1051 4401 (dado,
1075 4313 1211 4398 βλύοοο)
