2836 4934
192 264 254 327 104
601 259 807 339 Δυοοὶλνιρτος.

188 509 309 589 μονόνος
341 510 440 576 schol.
470 511 632 598 Lycophr.
666 513 741 577 352.
775 550 817 561 —
844 513 895 578 De
920 511 1157 600 compositione
1182 514 1222 578 cf.

188 632 229 699 ad
251 630 427 714 οένριοποιό.

231 754 357 840 δρύοψ,
369 776 489 822 nomen
505 755 589 838 avie,
605 755 725 842 legitur
740 753 827 842 apud
844 755 948 820 solum
965 754 1222 842 Aristophanem
1263 761 1267 767 '

186 878 222 942 in
245 877 307 943 Av.
329 900 359 943 v.
384 879 469 961 304,
493 882 608 965 estque
624 876 762 942 fortasse
778 875 892 942 eadem
909 897 993 964 quae
1009 876 1221 958 δρυκολάπτης.

188 999 237 1064 Of.
261 998 394 1064 nomina
417 998 525 1064 avium
548 998 653 1085 ἐλεοῖς,
669 996 849 1080 ε’ρυδόρπους,
875 999 1007 1073 tarteria,
1024 996 1220 1078 κεβλήπυρις,

187 1119 292 1200 νέρτοι,
309 1120 447 1196 ὑποδυμίο
464 1119 591 1185 similia.
610 1157 650 1168 -
668 1118 754 1184 Vide
769 1118 905 1207 praefat.
921 1122 939 1205 ξ
956 1122 975 1184 3
994 1143 1025 1183 α.
1051 1119 1104 1185 Sic
1121 1120 1221 1186 etiam

187 1263 257 1307 voc.
280 1240 422 1322 τέτραξ
445 1242 528 1327 (avis
555 1239 700 1324 „tetrao”
723 1239 876 1329 fortasse)
899 1241 961 1307 Av.
980 1243 1057 1307 885.
1074 1242 1122 1307 cf.
1140 1242 1220 1308 Ath.

188 1365 218 1426 9.
244 1365 309 1427 398
322 1362 352 1426 d.
366 1363 386 1426 f.

232 1483 473 1562 δυτοὶανκτος
498 1490 547 1549 est
574 1505 690 1570 „aegre
714 1481 921 1568 tolerabilis'',
945 1482 1136 1565 οὶνύποιοτος,
1153 1484 1220 1551 δύο·

186 1629 277 1680 οιοπος
303 1605 383 1694 (sec.
408 1606 489 1670 Poll.
507 1608 536 1669 3.
557 1602 635 1693 130)
653 1604 740 1692 apud
756 1605 898 1692 Eupolin
914 1606 949 1670 in
964 1605 1002 1670 fr.
1020 1608 1095 1672 410.
1119 1606 1221 1695 Apud

188 1728 288 1816 Soph.
321 1731 430 1792 autem
460 1727 495 1790 in
527 1725 565 1792 Ο.
593 1726 635 1790 R.
660 1747 689 1791 v.
718 1727 757 1791 12
782 1732 832 1792 est
858 1726 935 1812 „qui
958 1724 1070 1793 dolore
1094 1726 1151 1793 vix
1175 1729 1222 1793 af-

188 1849 241 1914 fici
271 1847 415 1937 potest”;
440 1847 479 1913 of.
504 1846 599 1935 praef
616 1853 640 1912 t.
663 1850 681 1932 ξ
705 1848 773 1925 29.
799 1847 852 1913 Sic
875 1847 1027 1928 δυοαλνῆς
1051 1854 1102 1914 est
1128 1872 1221 1937 „gra-

187 1992 260 2036 vem
295 1971 434 2036 afferens
470 1967 634 2034 dolorem'’
670 1990 721 2056 ap.
757 1969 876 2035 Aesch.
909 1969 973 2056 Ag.
1008 1972 1100 2036 1137.
1132 1972 1221 2037 Plut.

187 2093 317 2160 Oonsol.
353 2091 394 2159 ad
429 2091 581 2179 Apollon.
616 2113 648 2178 p.
685 2092 750 2156 328
785 2097 819 2157 ot
849 2091 890 2157 al.
924 2113 1010 2179 seq.‚
1042 2091 1129 2179 apud
1154 2093 1222 2158 He-

187 2215 335 2302 sychium
366 2219 476 2280 autem
508 2237 550 2271 =
584 2213 803 2295 „corporatio”
838 2210 966 2302 (dolore
996 2214 1131 2281 alterius
1155 2237 1221 2283 non

189 2334 351 2422 affectus).

231 2456 494 2536 δυοβροέκανου
525 2461 575 2522 est
609 2455 661 2539 „id
686 2456 772 2545 qnod
797 2456 926 2523 difficile
950 2464 1000 2524 est
1023 2458 1065 2524 ad
1092 2460 1221 2527 intelle-

188 2577 349 2665 gendum,
374 2576 415 2641 ad
440 2576 781 2665 comprehendendum
799 2578 929 2643 animo’'
947 2578 1033 2667 apud
1051 2580 1221 2646 Cratinum

187 2701 283 2765 infr.
308 2700 382 2763 404.
418 2699 464 2763 Of.
491 2699 634 2785 Hesych.
659 2700 779 2780 βρακεῖν
804 2730 844 2754 =
870 2701 993 2767 συνιέναι
1002 2749 1012 2780 ,
1034 2703 1156 2784 βρακείς
1181 2734 1220 2759 =

187 2822 306 2907 συνιείς,
343 2819 481 2903 πβρακεῑν
514 2819 637 2907 (animo
662 2819 971 2911 comprehendere),
996 2821 1134 2908 βρακείς,
1158 2823 1219 2889 δυσ·

187 2944 331 3025 βρακανοι
350 2940 407 3031 (=
432 2941 693 3026 δυσκατανόητον),
717 2943 835 3030 quibus
860 2945 1041 3009 communis
1065 2950 1115 3011 est
1131 2946 1221 3010 notio

189 3064 504 3154 comprehendendi,
529 3065 597 3131 sive
613 3065 647 3130 id
664 3086 761 3130 mann
777 3066 832 3151 fit,
850 3066 918 3132 sive
935 3081 990 3133 ore
1008 3067 1077 3134 sive
1094 3067 1221 3134 animo''

189 3185 376 3275 (Lobana).

233 3308 579 3386 δυοκοιιόκοομπτοο
610 3309 768 3391 „difficilis
793 3309 833 3374 ad
858 3309 1079 3376 flectendum'’
1104 3311 1223 3379 dicitur

189 3432 229 3496 de
252 3437 390 3508 καμπαῖς
412 3430 477 3494 illis
501 3430 715 3513 musicorum,
733 3429 774 3495 de
794 3429 984 3512 „modorum
1002 3432 1222 3498 flexionibns''

189 3553 275 3641 apud
299 3553 466 3639 Aristoph.
490 3553 525 3616 in
549 3552 634 3617 Nub.
659 3574 689 3616 v.
712 3554 792 3617 971:
818 3552 842 3616 εἷ
858 3552 888 3617 δέ
903 3577 947 3624 τις
964 3555 1058 3617 αὐτῶν
1074 3553 1221 3635 κοὶμψειὲν

190 3700 255 3739 τινα
278 3677 417 3752 καμπὴν,
442 3672 502 3748 οἵοις
527 3674 582 3746 τοὶς
598 3675 679 3740 κατὰ
692 3680 790 3755 Φρῦνιν
802 3675 917 3748 ταύτας
929 3676 987 3748 τοὶς
999 3675 1220 3754 δυσκολοκάμπ-

189 3822 264 3871 τους.
299 3798 382 3863 Poll.
418 3798 476 3863 IV.
514 3799 573 3861 66:
607 3795 656 3861 aa}
689 3801 787 3877 Φρῦνιν
818 3796 846 3861 δὲ
877 3795 925 3861 τὸν
956 3794 1093 3875 Κάμωνος
1119 3796 1223 3875 μέλεοι

189 3915 478 3997 πολυκαμπέοι,
514 3925 573 3990 τοῖς
611 3919 665 3982 ὑπὸ
689 3922 745 3983 τῶν
769 3918 907 4000 κιομιρδῶν
930 3917 1223 3998 δυοκολοκαμπ-

190 4061 266 4110 ποις
297 4040 441 4118 aiacrior,
464 4039 622 4120 κεχρῆσθαι
645 4039 789 4117 λέγουσιν.
814 4040 864 4105 De
889 4041 1124 4128 compositione
1149 4043 1223 4109 vide

190 4159 421 4241 βαρυδαιμονεῖν.
448 4160 495 4226 Of.
512 4160 774 4243 incorrectumve
791 4162 877 4228 Nub.
893 4164 967 4227 333.
984 4164 1107 4241 καμπὴν
1120 4164 1224 4245 κοὶμπ-

190 4306 249 4347 πειν
274 4282 362 4348 Nub.
387 4285 461 4347 969.
487 4282 674 4349 Pherecrat.
699 4284 737 4348 fr.
765 4285 844 4361 145,
871 4305 900 4350 v.
926 4287 956 4349 9.
980 4287 1149 4364 καμπτικδν
1163 4293 1225 4369 φω-
