<?xml version="1.0" encoding="UTF-8"?>
<!DOCTYPE html PUBLIC "-//W3C//DTD XHTML 1.0 Transitional//EN"
    "http://www.w3.org/TR/xhtml1/DTD/xhtml1-transitional.dtd">
<html xmlns="http://www.w3.org/1999/xhtml" xml:lang="en" lang="en">
 <head>
  <title>
</title>
<meta http-equiv="Content-Type" content="text/html;charset=utf-8" />
  <meta name='ocr-system' content='tesseract 3.04.00' />
  <meta name='ocr-capabilities' content='ocr_page ocr_carea ocr_par ocr_line ocrx_word'/>
</head>
<body>
  <div class='ocr_page' id='page_1' title='image "./devocabulisanti01junggoog_0055.png"; bbox 0 0 2836 4934; ppageno 0'>
   <div class='ocr_carea' id='block_1_1' title="bbox 235 161 811 257">
    <p class='ocr_par' dir='ltr' id='par_1_1' title="bbox 235 161 811 257">
     <span class='ocr_line' id='line_1_1' title="bbox 235 161 811 257; baseline -0.009 -6"><span class='ocrx_word' id='word_1_1' title='bbox 235 161 276 252; x_wconf 87' lang='grc'>24</span> <span class='ocrx_word' id='word_1_2' title='bbox 312 189 315 194; x_wconf 73' lang='grc'><strong>’</strong></span> <span class='ocrx_word' id='word_1_3' title='bbox 690 183 811 257; x_wconf 61' lang='lat' dir='ltr'>dvenio.</span> 
     </span>
    </p>
   </div>
   <div class='ocr_carea' id='block_1_2' title="bbox 234 427 1268 1001">
    <p class='ocr_par' dir='ltr' id='par_1_2' title="bbox 234 427 1268 1001">
     <span class='ocr_line' id='line_1_2' title="bbox 234 427 1263 513; baseline -0.007 -17"><span class='ocrx_word' id='word_1_4' title='bbox 234 432 272 496; x_wconf 90' lang='lat' dir='ltr'>fr.</span> <span class='ocrx_word' id='word_1_5' title='bbox 305 433 385 495; x_wconf 83' lang='lat'>654:</span> <span class='ocrx_word' id='word_1_6' title='bbox 417 431 468 502; x_wconf 72' lang='grc' dir='ltr'>την</span> <span class='ocrx_word' id='word_1_7' title='bbox 492 428 577 506; x_wconf 73' lang='grc' dir='ltr'><strong><em>θύρην</em></strong></span> <span class='ocrx_word' id='word_1_8' title='bbox 600 428 804 510; x_wconf 59' lang='lat' dir='ltr'>tortosam.</span> <span class='ocrx_word' id='word_1_9' title='bbox 840 427 888 494; x_wconf 80' lang='lat' dir='ltr'>Of.</span> <span class='ocrx_word' id='word_1_10' title='bbox 915 428 1023 513; x_wconf 78' lang='lat' dir='ltr'>Etym.</span> <span class='ocrx_word' id='word_1_11' title='bbox 1049 449 1090 490; x_wconf 93' lang='lat' dir='ltr'>m.</span> <span class='ocrx_word' id='word_1_12' title='bbox 1117 428 1173 509; x_wconf 83' lang='lat'>96,</span> <span class='ocrx_word' id='word_1_13' title='bbox 1202 429 1263 491; x_wconf 83' lang='lat'>22:</span> 
     </span>
     <span class='ocr_line' id='line_1_3' title="bbox 235 548 1266 634; baseline -0.004 -16"><span class='ocrx_word' id='word_1_14' title='bbox 235 551 424 634; x_wconf 70' lang='grc' dir='ltr'><strong><em>ιὶννιζυγῶσκι</em></strong></span> <span class='ocrx_word' id='word_1_15' title='bbox 443 551 477 616; x_wconf 78' lang='grc' dir='ltr'>τὸ</span> <span class='ocrx_word' id='word_1_16' title='bbox 492 550 578 630; x_wconf 75' lang='grc' dir='ltr'><strong><em>θύρης</em></strong></span> <span class='ocrx_word' id='word_1_17' title='bbox 594 549 783 615; x_wconf 69' lang='grc' dir='ltr'><em>ἀναπετάσαι</em></span> <span class='ocrx_word' id='word_1_18' title='bbox 799 549 1020 632; x_wconf 70' lang='grc' dir='ltr'>Ἀριστοφάνης.</span> <span class='ocrx_word' id='word_1_19' title='bbox 1044 548 1126 613; x_wconf 89' lang='lat' dir='ltr'>Poll.</span> <span class='ocrx_word' id='word_1_20' title='bbox 1143 551 1191 612; x_wconf 90' lang='grc'>10.</span> <span class='ocrx_word' id='word_1_21' title='bbox 1206 550 1266 614; x_wconf 86' lang='grc'>26;</span> 
     </span>
     <span class='ocr_line' id='line_1_4' title="bbox 236 644 1268 755; baseline -0.004 -19"><span class='ocrx_word' id='word_1_22' title='bbox 236 675 317 755; x_wconf 73' lang='grc' dir='ltr'>παρὰ</span> <span class='ocrx_word' id='word_1_23' title='bbox 349 673 379 736; x_wconf 77' lang='grc' dir='ltr'>δὲ</span> <span class='ocrx_word' id='word_1_24' title='bbox 409 680 473 744; x_wconf 67' lang='grc' dir='ltr'><em>τοῖς,</em></span> <span class='ocrx_word' id='word_1_25' title='bbox 498 644 643 752; x_wconf 78' lang='grc' dir='ltr'><strong><em>κωμῳδοῖς</em></strong></span> <span class='ocrx_word' id='word_1_26' title='bbox 674 672 723 736; x_wconf 80' lang='grc' dir='ltr'>καὶ</span> <span class='ocrx_word' id='word_1_27' title='bbox 755 671 788 737; x_wconf 77' lang='grc' dir='ltr'>τὸ</span> <span class='ocrx_word' id='word_1_28' title='bbox 819 670 1058 752; x_wconf 73' lang='grc' dir='ltr'><strong><em>ιένκζνηῶσνιι</em></strong></span> <span class='ocrx_word' id='word_1_29' title='bbox 1088 669 1196 735; x_wconf 70' lang='lat' dir='ltr'>schroc</span> <span class='ocrx_word' id='word_1_30' title='bbox 1227 671 1268 749; x_wconf 79' lang='grc' dir='ltr'>τῷ</span> 
     </span>
     <span class='ocr_line' id='line_1_5' title="bbox 235 790 1267 875; baseline -0.005 -16"><span class='ocrx_word' id='word_1_31' title='bbox 235 792 346 871; x_wconf 57' lang='lat' dir='ltr'>aireikon</span> <span class='ocrx_word' id='word_1_32' title='bbox 379 792 531 870; x_wconf 68' lang='grc' dir='ltr'><strong><em>σημνιίνει,</em></strong></span> <span class='ocrx_word' id='word_1_33' title='bbox 564 791 658 871; x_wconf 75' lang='grc' dir='ltr'><em>ὥσπερ</em></span> <span class='ocrx_word' id='word_1_34' title='bbox 690 794 730 874; x_wconf 77' lang='grc' dir='ltr'>τῷ</span> <span class='ocrx_word' id='word_1_35' title='bbox 763 790 987 874; x_wconf 55' lang='lat' dir='ltr'>§artoptam</span> <span class='ocrx_word' id='word_1_36' title='bbox 1022 792 1068 875; x_wconf 86' lang='lat' dir='ltr'>(of</span> <span class='ocrx_word' id='word_1_37' title='bbox 1108 790 1267 857; x_wconf 80' lang='lat' dir='ltr'>Artemid.</span> 
     </span>
     <span class='ocr_line' id='line_1_6' title="bbox 239 910 1267 1001; baseline -0.005 -21"><span class='ocrx_word' id='word_1_38' title='bbox 239 919 266 980; x_wconf 91' lang='lat'>1.</span> <span class='ocrx_word' id='word_1_39' title='bbox 291 916 344 998; x_wconf 87' lang='grc'>4.).</span> <span class='ocrx_word' id='word_1_40' title='bbox 393 914 540 1001; x_wconf 76' lang='lat' dir='ltr'>Simplex</span> <span class='ocrx_word' id='word_1_41' title='bbox 574 913 668 994; x_wconf 71' lang='grc' dir='ltr'><strong><em>ζυγόν)</em></strong></span> <span class='ocrx_word' id='word_1_42' title='bbox 704 919 754 979; x_wconf 88' lang='lat' dir='ltr'>est</span> <span class='ocrx_word' id='word_1_43' title='bbox 793 913 995 999; x_wconf 79' lang='lat' dir='ltr'>„coniungo”</span> <span class='ocrx_word' id='word_1_44' title='bbox 1033 912 1153 998; x_wconf 81' lang='lat' dir='ltr'>Agath.</span> <span class='ocrx_word' id='word_1_45' title='bbox 1188 910 1267 976; x_wconf 89' lang='lat' dir='ltr'>Ah.</span> 
     </span>
    </p>
   </div>
   <div class='ocr_carea' id='block_1_3' title="bbox 239 1032 1269 1120">
    <p class='ocr_par' dir='ltr' id='par_1_3' title="bbox 239 1032 1269 1120">
     <span class='ocr_line' id='line_1_7' title="bbox 239 1032 1269 1120; baseline -0.002 -21"><span class='ocrx_word' id='word_1_46' title='bbox 239 1036 287 1099; x_wconf 89' lang='lat'>10.</span> <span class='ocrx_word' id='word_1_47' title='bbox 314 1035 379 1098; x_wconf 84' lang='lat'>454</span> <span class='ocrx_word' id='word_1_48' title='bbox 396 1034 426 1098; x_wconf 89' lang='lat' dir='ltr'>d.</span> <span class='ocrx_word' id='word_1_49' title='bbox 452 1034 601 1100; x_wconf 79' lang='lat' dir='ltr'>Pertinet</span> <span class='ocrx_word' id='word_1_50' title='bbox 624 1034 723 1120; x_wconf 84' lang='lat' dir='ltr'>igitur</span> <span class='ocrx_word' id='word_1_51' title='bbox 746 1032 899 1115; x_wconf 73' lang='grc' dir='ltr'><strong><em>ἀνκζνηόω</em></strong></span> <span class='ocrx_word' id='word_1_52' title='bbox 923 1033 964 1098; x_wconf 88' lang='lat' dir='ltr'>ad</span> <span class='ocrx_word' id='word_1_53' title='bbox 989 1055 1028 1099; x_wconf 91' lang='lat' dir='ltr'>ea</span> <span class='ocrx_word' id='word_1_54' title='bbox 1051 1033 1166 1111; x_wconf 83' lang='lat' dir='ltr'>verba,</span> <span class='ocrx_word' id='word_1_55' title='bbox 1185 1054 1269 1119; x_wconf 90' lang='lat' dir='ltr'>qnae</span> 
     </span>
    </p>
   </div>
   <div class='ocr_carea' id='block_1_4' title="bbox 239 1155 1288 4280">
    <p class='ocr_par' dir='ltr' id='par_1_4' title="bbox 239 1155 630 1242">
     <span class='ocr_line' id='line_1_8' title="bbox 239 1155 630 1242; baseline 0.003 -23"><span class='ocrx_word' id='word_1_56' title='bbox 239 1156 375 1220; x_wconf 81' lang='lat' dir='ltr'>tractavi</span> <span class='ocrx_word' id='word_1_57' title='bbox 399 1155 533 1242; x_wconf 86' lang='lat' dir='ltr'>praelat.</span> <span class='ocrx_word' id='word_1_58' title='bbox 557 1157 575 1240; x_wconf 82' lang='lat'>§</span> <span class='ocrx_word' id='word_1_59' title='bbox 599 1158 630 1220; x_wconf 89' lang='grc'>5.</span> 
     </span>
    </p>

    <p class='ocr_par' dir='ltr' id='par_1_5' title="bbox 282 1273 911 1352">
     <span class='ocr_line' id='line_1_9' title="bbox 282 1273 911 1352; baseline 0.002 -14"><span class='ocrx_word' id='word_1_60' title='bbox 282 1274 415 1349; x_wconf 75' lang='grc' dir='ltr'><strong><em>ιὶνιικής</em></strong></span> <span class='ocrx_word' id='word_1_61' title='bbox 439 1273 513 1339; x_wconf 82' lang='lat' dir='ltr'>vids</span> <span class='ocrx_word' id='word_1_62' title='bbox 538 1273 579 1338; x_wconf 85' lang='lat' dir='ltr'>ad</span> <span class='ocrx_word' id='word_1_63' title='bbox 603 1295 671 1340; x_wconf 84' lang='lat' dir='ltr'>voe.</span> <span class='ocrx_word' id='word_1_64' title='bbox 695 1274 911 1352; x_wconf 77' lang='grc' dir='ltr'><strong><em>νὶπιιριέλεκτνι.</em></strong></span> 
     </span>
    </p>

    <p class='ocr_par' dir='ltr' id='par_1_6' title="bbox 239 1395 1275 2337">
     <span class='ocr_line' id='line_1_10' title="bbox 283 1395 1272 1482; baseline 0.001 -23"><span class='ocrx_word' id='word_1_65' title='bbox 283 1397 440 1460; x_wconf 77' lang='grc' dir='ltr'><strong><em>ιὶνκκνῖιν</em></strong></span> <span class='ocrx_word' id='word_1_66' title='bbox 472 1395 558 1482; x_wconf 89' lang='lat' dir='ltr'>apud</span> <span class='ocrx_word' id='word_1_67' title='bbox 590 1396 845 1482; x_wconf 82' lang='lat' dir='ltr'>Aristophanem</span> <span class='ocrx_word' id='word_1_68' title='bbox 876 1397 911 1460; x_wconf 94' lang='lat' dir='ltr'>in</span> <span class='ocrx_word' id='word_1_69' title='bbox 941 1396 976 1461; x_wconf 86' lang='lat' dir='ltr'>fr.</span> <span class='ocrx_word' id='word_1_70' title='bbox 1004 1398 1045 1461; x_wconf 87' lang='grc'>36</span> <span class='ocrx_word' id='word_1_71' title='bbox 1076 1403 1126 1461; x_wconf 92' lang='lat' dir='ltr'>est</span> <span class='ocrx_word' id='word_1_72' title='bbox 1150 1396 1182 1460; x_wconf 80' lang='grc' dir='ltr'>τὸ</span> <span class='ocrx_word' id='word_1_73' title='bbox 1206 1398 1272 1460; x_wconf 78' lang='grc' dir='ltr'><strong><em>ἐκε-</em></strong></span> 
     </span>
     <span class='ocr_line' id='line_1_11' title="bbox 239 1517 1271 1606; baseline 0.001 -25"><span class='ocrx_word' id='word_1_74' title='bbox 239 1517 343 1599; x_wconf 74' lang='grc' dir='ltr'><strong><em>ηείρειν</em></strong></span> <span class='ocrx_word' id='word_1_75' title='bbox 377 1517 410 1581; x_wconf 80' lang='grc' dir='ltr'>τὸ</span> <span class='ocrx_word' id='word_1_76' title='bbox 445 1518 545 1582; x_wconf 73' lang='lat' dir='ltr'>altato</span> <span class='ocrx_word' id='word_1_77' title='bbox 581 1523 639 1581; x_wconf 79' lang='grc' dir='ltr'><strong><em>τοῖν</em></strong></span> <span class='ocrx_word' id='word_1_78' title='bbox 669 1523 775 1598; x_wconf 75' lang='grc' dir='ltr'><strong><em>χεροῖν,</em></strong></span> <span class='ocrx_word' id='word_1_79' title='bbox 809 1517 896 1583; x_wconf 90' lang='lat' dir='ltr'>idem</span> <span class='ocrx_word' id='word_1_80' title='bbox 929 1518 1016 1605; x_wconf 88' lang='lat' dir='ltr'>quod</span> <span class='ocrx_word' id='word_1_81' title='bbox 1047 1519 1189 1601; x_wconf 73' lang='grc' dir='ltr'><strong><em>ἀνκφλῑιν</em></strong></span> <span class='ocrx_word' id='word_1_82' title='bbox 1220 1541 1271 1606; x_wconf 87' lang='lat' dir='ltr'>ap.</span> 
     </span>
     <span class='ocr_line' id='line_1_12' title="bbox 239 1638 1273 1727; baseline 0.004 -24"><span class='ocrx_word' id='word_1_83' title='bbox 239 1638 407 1726; x_wconf 84' lang='lat' dir='ltr'>Aristoph.</span> <span class='ocrx_word' id='word_1_84' title='bbox 432 1639 507 1725; x_wconf 85' lang='lat' dir='ltr'>Lys.</span> <span class='ocrx_word' id='word_1_85' title='bbox 533 1639 629 1702; x_wconf 92' lang='grc'><strong>1099.</strong></span> <span class='ocrx_word' id='word_1_86' title='bbox 654 1639 790 1704; x_wconf 89' lang='lat' dir='ltr'>Lucian.</span> <span class='ocrx_word' id='word_1_87' title='bbox 814 1640 948 1725; x_wconf 83' lang='lat' dir='ltr'>Peregr.</span> <span class='ocrx_word' id='word_1_88' title='bbox 975 1642 1027 1705; x_wconf 94' lang='grc'>17.</span> <span class='ocrx_word' id='word_1_89' title='bbox 1056 1640 1196 1727; x_wconf 86' lang='lat' dir='ltr'>Lexiph.</span> <span class='ocrx_word' id='word_1_90' title='bbox 1220 1643 1273 1708; x_wconf 83' lang='lat'>12.</span> 
     </span>
     <span class='ocr_line' id='line_1_13' title="bbox 241 1758 1273 1848; baseline -0.001 -22"><span class='ocrx_word' id='word_1_91' title='bbox 241 1761 337 1846; x_wconf 84' lang='lat' dir='ltr'>(Poll.</span> <span class='ocrx_word' id='word_1_92' title='bbox 371 1763 401 1825; x_wconf 84' lang='lat'>2.</span> <span class='ocrx_word' id='word_1_93' title='bbox 428 1762 522 1845; x_wconf 78' lang='grc'><strong>176),</strong></span> <span class='ocrx_word' id='word_1_94' title='bbox 550 1758 778 1837; x_wconf 76' lang='grc' dir='ltr'><strong><em>ιὲνιιμιιλιὶττειν</em></strong></span> <span class='ocrx_word' id='word_1_95' title='bbox 802 1783 852 1848; x_wconf 88' lang='lat' dir='ltr'>ap.</span> <span class='ocrx_word' id='word_1_96' title='bbox 875 1762 969 1827; x_wconf 88' lang='lat' dir='ltr'>Phot.</span> <span class='ocrx_word' id='word_1_97' title='bbox 996 1761 1105 1848; x_wconf 75' lang='lat' dir='ltr'>Etym.</span> <span class='ocrx_word' id='word_1_98' title='bbox 1130 1784 1172 1826; x_wconf 87' lang='lat' dir='ltr'>m.</span> <span class='ocrx_word' id='word_1_99' title='bbox 1199 1762 1273 1826; x_wconf 88' lang='grc'><strong>795.</strong></span> 
     </span>
     <span class='ocr_line' id='line_1_14' title="bbox 243 1881 1274 1970; baseline 0 -23"><span class='ocrx_word' id='word_1_100' title='bbox 243 1885 303 1961; x_wconf 87' lang='grc'>36,</span> <span class='ocrx_word' id='word_1_101' title='bbox 328 1889 361 1948; x_wconf 93' lang='lat' dir='ltr'>et</span> <span class='ocrx_word' id='word_1_102' title='bbox 384 1883 609 1964; x_wconf 73' lang='grc' dir='ltr'><strong><em>ἀνκψκθνέλκειν</em></strong></span> <span class='ocrx_word' id='word_1_103' title='bbox 632 1881 808 1969; x_wconf 85' lang='lat' dir='ltr'>Phrynioh.</span> <span class='ocrx_word' id='word_1_104' title='bbox 833 1882 937 1948; x_wconf 87' lang='lat' dir='ltr'>Bekk.</span> <span class='ocrx_word' id='word_1_105' title='bbox 962 1906 992 1970; x_wconf 92' lang='lat' dir='ltr'>p.</span> <span class='ocrx_word' id='word_1_106' title='bbox 1013 1885 1086 1948; x_wconf 89' lang='grc'><strong>916.</strong></span> <span class='ocrx_word' id='word_1_107' title='bbox 1126 1883 1274 1969; x_wconf 81' lang='lat' dir='ltr'>Simplex</span> 
     </span>
     <span class='ocr_line' id='line_1_15' title="bbox 243 2003 1272 2089; baseline -0.002 -21"><span class='ocrx_word' id='word_1_108' title='bbox 243 2003 319 2068; x_wconf 76' lang='grc' dir='ltr'><strong><em>κνιὶω</em></strong></span> <span class='ocrx_word' id='word_1_109' title='bbox 349 2004 469 2089; x_wconf 84' lang='lat' dir='ltr'>legitur</span> <span class='ocrx_word' id='word_1_110' title='bbox 500 2004 597 2068; x_wconf 90' lang='lat' dir='ltr'>Hom.</span> <span class='ocrx_word' id='word_1_111' title='bbox 630 2016 669 2068; x_wconf 85' lang='lat' dir='ltr'>A.</span> <span class='ocrx_word' id='word_1_112' title='bbox 695 2005 769 2067; x_wconf 88' lang='grc'><strong>639.</strong></span> <span class='ocrx_word' id='word_1_113' title='bbox 801 2004 880 2069; x_wconf 87' lang='lat' dir='ltr'>Her.</span> <span class='ocrx_word' id='word_1_114' title='bbox 908 2006 935 2069; x_wconf 93' lang='grc'>7.</span> <span class='ocrx_word' id='word_1_115' title='bbox 961 2004 1035 2069; x_wconf 85' lang='grc'><strong>239.</strong></span> <span class='ocrx_word' id='word_1_116' title='bbox 1062 2003 1147 2068; x_wconf 89' lang='lat' dir='ltr'>Plat.</span> <span class='ocrx_word' id='word_1_117' title='bbox 1173 2003 1272 2088; x_wconf 80' lang='lat' dir='ltr'>Gorg.</span> 
     </span>
     <span class='ocr_line' id='line_1_16' title="bbox 244 2124 1275 2211; baseline -0.002 -22"><span class='ocrx_word' id='word_1_118' title='bbox 244 2128 308 2190; x_wconf 85' lang='grc'>494</span> <span class='ocrx_word' id='word_1_119' title='bbox 333 2146 361 2189; x_wconf 92' lang='lat' dir='ltr'>c.</span> <span class='ocrx_word' id='word_1_120' title='bbox 396 2124 484 2189; x_wconf 88' lang='lat' dir='ltr'>Plut.</span> <span class='ocrx_word' id='word_1_121' title='bbox 515 2125 630 2211; x_wconf 86' lang='lat' dir='ltr'><strong>Pomp.</strong></span> <span class='ocrx_word' id='word_1_122' title='bbox 664 2126 716 2189; x_wconf 88' lang='grc'>48.</span> <span class='ocrx_word' id='word_1_123' title='bbox 749 2125 829 2190; x_wconf 87' lang='lat' dir='ltr'>Luc.</span> <span class='ocrx_word' id='word_1_124' title='bbox 863 2125 943 2191; x_wconf 80' lang='lat' dir='ltr'>Salt.</span> <span class='ocrx_word' id='word_1_125' title='bbox 976 2128 1006 2190; x_wconf 83' lang='lat'>2.</span> <span class='ocrx_word' id='word_1_126' title='bbox 1032 2130 1094 2191; x_wconf 92' lang='lat' dir='ltr'>etc.</span> <span class='ocrx_word' id='word_1_127' title='bbox 1126 2124 1275 2191; x_wconf 88' lang='lat' dir='ltr'>Pertinet</span> 
     </span>
     <span class='ocr_line' id='line_1_17' title="bbox 244 2248 1227 2337; baseline 0 -25"><span class='ocrx_word' id='word_1_128' title='bbox 244 2249 344 2334; x_wconf 84' lang='lat' dir='ltr'>igitur</span> <span class='ocrx_word' id='word_1_129' title='bbox 366 2249 494 2312; x_wconf 74' lang='grc' dir='ltr'><strong><em>ιὶνιικνῖιν</em></strong></span> <span class='ocrx_word' id='word_1_130' title='bbox 518 2248 559 2313; x_wconf 90' lang='lat' dir='ltr'>ad</span> <span class='ocrx_word' id='word_1_131' title='bbox 583 2249 699 2335; x_wconf 85' lang='lat' dir='ltr'>verba,</span> <span class='ocrx_word' id='word_1_132' title='bbox 725 2249 766 2314; x_wconf 89' lang='lat' dir='ltr'>de</span> <span class='ocrx_word' id='word_1_133' title='bbox 791 2250 907 2336; x_wconf 92' lang='lat' dir='ltr'>quibus</span> <span class='ocrx_word' id='word_1_134' title='bbox 931 2248 1006 2315; x_wconf 87' lang='lat' dir='ltr'>vide</span> <span class='ocrx_word' id='word_1_135' title='bbox 1030 2249 1130 2337; x_wconf 84' lang='lat' dir='ltr'>praef.</span> <span class='ocrx_word' id='word_1_136' title='bbox 1156 2251 1173 2333; x_wconf 66' lang='grc' dir='ltr'>ξ</span> <span class='ocrx_word' id='word_1_137' title='bbox 1198 2251 1227 2313; x_wconf 88' lang='lat'>5.</span> 
     </span>
    </p>

    <p class='ocr_par' dir='ltr' id='par_1_7' title="bbox 245 2368 1280 3186">
     <span class='ocr_line' id='line_1_18' title="bbox 289 2368 1275 2458; baseline 0.001 -25"><span class='ocrx_word' id='word_1_138' title='bbox 289 2368 503 2434; x_wconf 72' lang='grc' dir='ltr'><strong><em>ἀνιικνιὶπιω</em></strong></span> <span class='ocrx_word' id='word_1_139' title='bbox 524 2371 660 2451; x_wconf 89' lang='lat' dir='ltr'>„iterum</span> <span class='ocrx_word' id='word_1_140' title='bbox 677 2370 840 2436; x_wconf 85' lang='lat' dir='ltr'>carmino’&#39;</span> <span class='ocrx_word' id='word_1_141' title='bbox 856 2371 975 2457; x_wconf 88' lang='lat' dir='ltr'>legitur</span> <span class='ocrx_word' id='word_1_142' title='bbox 991 2369 1077 2458; x_wconf 87' lang='lat' dir='ltr'>apud</span> <span class='ocrx_word' id='word_1_143' title='bbox 1094 2370 1275 2458; x_wconf 82' lang='lat' dir='ltr'>Lysippum</span> 
     </span>
     <span class='ocr_line' id='line_1_19' title="bbox 245 2491 1276 2578; baseline 0.002 -24"><span class='ocrx_word' id='word_1_144' title='bbox 245 2491 341 2560; x_wconf 89' lang='lat' dir='ltr'>infr.</span> <span class='ocrx_word' id='word_1_145' title='bbox 366 2494 404 2573; x_wconf 83' lang='lat'>4,</span> <span class='ocrx_word' id='word_1_146' title='bbox 428 2491 672 2578; x_wconf 78' lang='lat' dir='ltr'>methaphorice</span> <span class='ocrx_word' id='word_1_147' title='bbox 692 2497 902 2578; x_wconf 89' lang='lat' dir='ltr'>usurpatum,</span> <span class='ocrx_word' id='word_1_148' title='bbox 920 2493 987 2558; x_wconf 92' lang='lat' dir='ltr'>soil.</span> <span class='ocrx_word' id='word_1_149' title='bbox 1008 2491 1204 2574; x_wconf 57' lang='lat' dir='ltr'>„ararorites</span> <span class='ocrx_word' id='word_1_150' title='bbox 1220 2495 1276 2565; x_wconf 68' lang='grc' dir='ltr'>τὰς</span> 
     </span>
     <span class='ocr_line' id='line_1_20' title="bbox 246 2608 1278 2699; baseline 0.002 -23"><span class='ocrx_word' id='word_1_151' title='bbox 246 2610 404 2691; x_wconf 70' lang='grc' dir='ltr'><strong><em>ἀλλοτρίης</em></strong></span> <span class='ocrx_word' id='word_1_152' title='bbox 435 2608 588 2683; x_wconf 79' lang='grc' dir='ltr'><strong><em>ἐκινοίκς”.</em></strong></span> <span class='ocrx_word' id='word_1_153' title='bbox 614 2611 762 2699; x_wconf 81' lang='lat' dir='ltr'>Simplex</span> <span class='ocrx_word' id='word_1_154' title='bbox 785 2610 904 2677; x_wconf 74' lang='grc' dir='ltr'><strong><em>κνιὲιιτω</em></strong></span> <span class='ocrx_word' id='word_1_155' title='bbox 928 2611 1142 2698; x_wconf 84' lang='lat' dir='ltr'>(„oarmino’&#39;)</span> <span class='ocrx_word' id='word_1_156' title='bbox 1167 2615 1278 2678; x_wconf 84' lang='lat' dir='ltr'>Xeno·</span> 
     </span>
     <span class='ocr_line' id='line_1_21' title="bbox 248 2732 1278 2823; baseline 0.003 -26"><span class='ocrx_word' id='word_1_157' title='bbox 248 2737 325 2798; x_wconf 87' lang='lat' dir='ltr'>orat.</span> <span class='ocrx_word' id='word_1_158' title='bbox 351 2753 401 2818; x_wconf 83' lang='lat' dir='ltr'>ap.</span> <span class='ocrx_word' id='word_1_159' title='bbox 426 2732 521 2818; x_wconf 88' lang='lat' dir='ltr'>Diog.</span> <span class='ocrx_word' id='word_1_160' title='bbox 546 2734 584 2798; x_wconf 89' lang='lat' dir='ltr'>L.</span> <span class='ocrx_word' id='word_1_161' title='bbox 610 2734 638 2797; x_wconf 87' lang='lat'>4.</span> <span class='ocrx_word' id='word_1_162' title='bbox 665 2735 714 2798; x_wconf 90' lang='grc'><strong>16.</strong></span> <span class='ocrx_word' id='word_1_163' title='bbox 742 2735 895 2821; x_wconf 88' lang='lat' dir='ltr'>(metaph.</span> <span class='ocrx_word' id='word_1_164' title='bbox 924 2735 1087 2820; x_wconf 82' lang='lat' dir='ltr'>„lacero‘’)</span> <span class='ocrx_word' id='word_1_165' title='bbox 1112 2736 1208 2823; x_wconf 79' lang='lat' dir='ltr'>Soph.</span> <span class='ocrx_word' id='word_1_166' title='bbox 1226 2736 1278 2800; x_wconf 82' lang='grc' dir='ltr'>Αἱ.</span> 
     </span>
     <span class='ocr_line' id='line_1_22' title="bbox 250 2853 1277 2943; baseline 0.002 -24"><span class='ocrx_word' id='word_1_167' title='bbox 250 2855 345 2919; x_wconf 88' lang='grc'><strong>1070.</strong></span> <span class='ocrx_word' id='word_1_168' title='bbox 381 2853 419 2918; x_wconf 85' lang='lat' dir='ltr'>cf.</span> <span class='ocrx_word' id='word_1_169' title='bbox 454 2853 571 2919; x_wconf 88' lang='lat' dir='ltr'>Aesch.</span> <span class='ocrx_word' id='word_1_170' title='bbox 607 2854 698 2921; x_wconf 89' lang='lat' dir='ltr'>Pers.</span> <span class='ocrx_word' id='word_1_171' title='bbox 735 2856 810 2922; x_wconf 85' lang='grc'><strong>568.</strong></span> <span class='ocrx_word' id='word_1_172' title='bbox 846 2854 930 2921; x_wconf 91' lang='lat' dir='ltr'>Plat.</span> <span class='ocrx_word' id='word_1_173' title='bbox 965 2855 1047 2943; x_wconf 88' lang='lat' dir='ltr'>Rep.</span> <span class='ocrx_word' id='word_1_174' title='bbox 1086 2857 1134 2922; x_wconf 91' lang='lat'>10.</span> <span class='ocrx_word' id='word_1_175' title='bbox 1168 2856 1231 2919; x_wconf 82' lang='lat'>616</span> <span class='ocrx_word' id='word_1_176' title='bbox 1249 2878 1277 2921; x_wconf 89' lang='lat' dir='ltr'>a.</span> 
     </span>
     <span class='ocr_line' id='line_1_23' title="bbox 247 2974 1280 3064; baseline 0.001 -23"><span class='ocrx_word' id='word_1_177' title='bbox 247 2975 398 3041; x_wconf 87' lang='lat' dir='ltr'>Pertinet</span> <span class='ocrx_word' id='word_1_178' title='bbox 427 2975 528 3061; x_wconf 85' lang='lat' dir='ltr'>igitur</span> <span class='ocrx_word' id='word_1_179' title='bbox 557 2974 735 3041; x_wconf 77' lang='grc' dir='ltr'><strong><em>ἰὶνιικνιὶπνω</em></strong></span> <span class='ocrx_word' id='word_1_180' title='bbox 767 2975 807 3040; x_wconf 85' lang='lat' dir='ltr'>ad</span> <span class='ocrx_word' id='word_1_181' title='bbox 840 2977 957 3061; x_wconf 83' lang='lat' dir='ltr'>verba,</span> <span class='ocrx_word' id='word_1_182' title='bbox 989 2977 1067 3042; x_wconf 92' lang='lat' dir='ltr'>mihi</span> <span class='ocrx_word' id='word_1_183' title='bbox 1096 2978 1280 3064; x_wconf 88' lang='lat' dir='ltr'>significata</span> 
     </span>
     <span class='ocr_line' id='line_1_24' title="bbox 249 3097 479 3186; baseline -0.013 -21"><span class='ocrx_word' id='word_1_184' title='bbox 249 3097 384 3186; x_wconf 86' lang='lat' dir='ltr'>praefat.</span> <span class='ocrx_word' id='word_1_185' title='bbox 407 3101 425 3183; x_wconf 63' lang='grc' dir='ltr'>ξ</span> <span class='ocrx_word' id='word_1_186' title='bbox 449 3100 479 3162; x_wconf 85' lang='grc'>5.</span> 
     </span>
    </p>

    <p class='ocr_par' dir='ltr' id='par_1_8' title="bbox 251 3218 1288 4280">
     <span class='ocr_line' id='line_1_25' title="bbox 294 3218 1281 3309; baseline 0.004 -25"><span class='ocrx_word' id='word_1_187' title='bbox 294 3218 595 3301; x_wconf 77' lang='grc' dir='ltr'><strong><em>ιὶνιικνηχνλιιέζω</em></strong></span> <span class='ocrx_word' id='word_1_188' title='bbox 612 3219 698 3306; x_wconf 89' lang='lat' dir='ltr'>apud</span> <span class='ocrx_word' id='word_1_189' title='bbox 716 3220 968 3307; x_wconf 82' lang='lat' dir='ltr'>Aristophanem</span> <span class='ocrx_word' id='word_1_190' title='bbox 984 3222 1018 3285; x_wconf 92' lang='lat' dir='ltr'>in</span> <span class='ocrx_word' id='word_1_191' title='bbox 1035 3222 1134 3309; x_wconf 89' lang='lat' dir='ltr'>Vesp.</span> <span class='ocrx_word' id='word_1_192' title='bbox 1153 3245 1181 3288; x_wconf 83' lang='lat' dir='ltr'>v.</span> <span class='ocrx_word' id='word_1_193' title='bbox 1200 3225 1281 3288; x_wconf 74' lang='lat'>589:</span> 
     </span>
     <span class='ocr_line' id='line_1_26' title="bbox 254 3342 1283 3428; baseline 0.001 -19"><span class='ocrx_word' id='word_1_194' title='bbox 254 3352 325 3428; x_wconf 65' lang='lat' dir='ltr'>„ric</span> <span class='ocrx_word' id='word_1_195' title='bbox 342 3342 367 3409; x_wconf 76' lang='grc' dir='ltr'>δ’</span> <span class='ocrx_word' id='word_1_196' title='bbox 384 3344 536 3424; x_wconf 73' lang='grc' dir='ltr'><strong><em>ἐπικλήρου</em></strong></span> <span class='ocrx_word' id='word_1_197' title='bbox 552 3344 603 3417; x_wconf 80' lang='grc' dir='ltr'>την</span> <span class='ocrx_word' id='word_1_198' title='bbox 620 3342 753 3418; x_wconf 70' lang='grc' dir='ltr'><strong><em>διαθήκην</em></strong></span> <span class='ocrx_word' id='word_1_199' title='bbox 768 3344 874 3416; x_wconf 68' lang='grc' dir='ltr'><strong><em>ἀδικεῖς</em></strong></span> <span class='ocrx_word' id='word_1_200' title='bbox 891 3343 1172 3426; x_wconf 72' lang='grc' dir='ltr'><strong><em>ιὶνκκιγχνλιιὲζων”</em></strong></span> <span class='ocrx_word' id='word_1_201' title='bbox 1190 3367 1283 3410; x_wconf 89' lang='lat' dir='ltr'>usur-</span> 
     </span>
     <span class='ocr_line' id='line_1_27' title="bbox 251 3464 1282 3555; baseline -0.002 -23"><span class='ocrx_word' id='word_1_202' title='bbox 251 3473 348 3555; x_wconf 86' lang='lat' dir='ltr'>patur</span> <span class='ocrx_word' id='word_1_203' title='bbox 369 3467 417 3530; x_wconf 89' lang='lat' dir='ltr'>ita</span> <span class='ocrx_word' id='word_1_204' title='bbox 440 3471 477 3530; x_wconf 90' lang='lat' dir='ltr'>ut</span> <span class='ocrx_word' id='word_1_205' title='bbox 500 3465 542 3528; x_wconf 91' lang='lat' dir='ltr'>sit</span> <span class='ocrx_word' id='word_1_206' title='bbox 565 3466 705 3529; x_wconf 73' lang='grc' dir='ltr'><strong><em>ιὶνκσιιιῖν</em></strong></span> <span class='ocrx_word' id='word_1_207' title='bbox 727 3464 779 3537; x_wconf 81' lang='grc' dir='ltr'>την</span> <span class='ocrx_word' id='word_1_208' title='bbox 802 3464 917 3544; x_wconf 72' lang='grc' dir='ltr'><strong><em>κόγχην</em></strong></span> <span class='ocrx_word' id='word_1_209' title='bbox 937 3465 1098 3551; x_wconf 83' lang='lat' dir='ltr'>„sigillum</span> <span class='ocrx_word' id='word_1_210' title='bbox 1114 3487 1282 3531; x_wconf 88' lang='lat' dir='ltr'>removere</span> 
     </span>
     <span class='ocr_line' id='line_1_28' title="bbox 253 3584 1283 3671; baseline -0.003 -17"><span class='ocrx_word' id='word_1_211' title='bbox 253 3589 293 3654; x_wconf 90' lang='lat' dir='ltr'>de</span> <span class='ocrx_word' id='word_1_212' title='bbox 326 3585 544 3652; x_wconf 89' lang='lat' dir='ltr'>testamento&#39;’</span> <span class='ocrx_word' id='word_1_213' title='bbox 576 3584 719 3671; x_wconf 84' lang='lat' dir='ltr'>(„sigilla</span> <span class='ocrx_word' id='word_1_214' title='bbox 743 3585 829 3650; x_wconf 91' lang='lat' dir='ltr'>enim</span> <span class='ocrx_word' id='word_1_215' title='bbox 853 3592 889 3650; x_wconf 90' lang='lat' dir='ltr'>ut</span> <span class='ocrx_word' id='word_1_216' title='bbox 913 3593 1184 3651; x_wconf 82' lang='lat' dir='ltr'>conservarentur</span> <span class='ocrx_word' id='word_1_217' title='bbox 1207 3608 1283 3651; x_wconf 92' lang='lat' dir='ltr'>con-</span> 
     </span>
     <span class='ocr_line' id='line_1_29' title="bbox 253 3705 1284 3796; baseline -0.004 -21"><span class='ocrx_word' id='word_1_218' title='bbox 253 3709 367 3796; x_wconf 86' lang='lat' dir='ltr'>chyliis</span> <span class='ocrx_word' id='word_1_219' title='bbox 402 3707 628 3772; x_wconf 89' lang='lat' dir='ltr'>muniebant’&#39;.</span> <span class='ocrx_word' id='word_1_220' title='bbox 664 3705 829 3789; x_wconf 87' lang='lat' dir='ltr'>Brunoh.).</span> <span class='ocrx_word' id='word_1_221' title='bbox 863 3707 903 3771; x_wconf 94' lang='lat' dir='ltr'>In</span> <span class='ocrx_word' id='word_1_222' title='bbox 935 3705 1048 3771; x_wconf 87' lang='lat' dir='ltr'>eadem</span> <span class='ocrx_word' id='word_1_223' title='bbox 1080 3728 1114 3771; x_wconf 91' lang='lat' dir='ltr'>re</span> <span class='ocrx_word' id='word_1_224' title='bbox 1145 3707 1284 3771; x_wconf 78' lang='grc' dir='ltr'><strong><em>ιὶνιισπιῖν</em></strong></span> 
     </span>
     <span class='ocr_line' id='line_1_30' title="bbox 254 3826 1284 3917; baseline -0.002 -22"><span class='ocrx_word' id='word_1_225' title='bbox 254 3829 330 3917; x_wconf 84' lang='lat' dir='ltr'>Lys.</span> <span class='ocrx_word' id='word_1_226' title='bbox 356 3830 450 3894; x_wconf 92' lang='grc'><strong>1200.</strong></span> <span class='ocrx_word' id='word_1_227' title='bbox 474 3828 564 3893; x_wconf 82' lang='lat' dir='ltr'>Alibi</span> <span class='ocrx_word' id='word_1_228' title='bbox 580 3826 896 3908; x_wconf 71' lang='grc' dir='ltr'><strong><em>ιξνκκογχνλιιὲσκιθκι</em></strong></span> <span class='ocrx_word' id='word_1_229' title='bbox 915 3859 954 3882; x_wconf 89' lang='grc'>--</span> <span class='ocrx_word' id='word_1_230' title='bbox 972 3829 1284 3910; x_wconf 54' lang='lat' dir='ltr'>avocamenta,</span> 
     </span>
     <span class='ocr_line' id='line_1_31' title="bbox 254 3948 1284 4038; baseline -0.003 -19"><span class='ocrx_word' id='word_1_231' title='bbox 254 3953 287 4019; x_wconf 79' lang='grc' dir='ltr'>τὸ</span> <span class='ocrx_word' id='word_1_232' title='bbox 317 3949 538 4017; x_wconf 73' lang='grc' dir='ltr'><strong><em>ἀννικλύσιισθιιι</em></strong></span> <span class='ocrx_word' id='word_1_233' title='bbox 562 3951 613 4023; x_wconf 76' lang='grc' dir='ltr'>την</span> <span class='ocrx_word' id='word_1_234' title='bbox 637 3948 773 4033; x_wconf 65' lang='lat' dir='ltr'>(palparer.</span> <span class='ocrx_word' id='word_1_235' title='bbox 807 3951 856 4016; x_wconf 77' lang='lat' dir='ltr'>Of.</span> <span class='ocrx_word' id='word_1_236' title='bbox 881 3950 965 4015; x_wconf 89' lang='lat' dir='ltr'>Plat.</span> <span class='ocrx_word' id='word_1_237' title='bbox 990 3950 1090 4017; x_wconf 80' lang='lat' dir='ltr'>Oonv.</span> <span class='ocrx_word' id='word_1_238' title='bbox 1114 3974 1144 4038; x_wconf 90' lang='lat' dir='ltr'>p.</span> <span class='ocrx_word' id='word_1_239' title='bbox 1175 3952 1284 4017; x_wconf 74' lang='grc'><strong>1851.</strong></span> 
     </span>
     <span class='ocr_line' id='line_1_32' title="bbox 256 4069 1286 4158; baseline -0.004 -18"><span class='ocrx_word' id='word_1_240' title='bbox 256 4079 290 4140; x_wconf 90' lang='lat' dir='ltr'>et</span> <span class='ocrx_word' id='word_1_241' title='bbox 316 4069 665 4151; x_wconf 75' lang='grc' dir='ltr'><strong><em>ιὶνιικνγχνλιιιστόν</em></strong></span> <span class='ocrx_word' id='word_1_242' title='bbox 688 4093 737 4157; x_wconf 86' lang='lat' dir='ltr'>ap.</span> <span class='ocrx_word' id='word_1_243' title='bbox 761 4071 890 4136; x_wconf 89' lang='lat' dir='ltr'>Platon.</span> <span class='ocrx_word' id='word_1_244' title='bbox 915 4092 995 4135; x_wconf 94' lang='lat' dir='ltr'>com.</span> <span class='ocrx_word' id='word_1_245' title='bbox 1021 4072 1058 4138; x_wconf 83' lang='lat' dir='ltr'>fr.</span> <span class='ocrx_word' id='word_1_246' title='bbox 1087 4074 1167 4154; x_wconf 83' lang='lat'><strong>196,</strong></span> <span class='ocrx_word' id='word_1_247' title='bbox 1199 4072 1286 4158; x_wconf 87' lang='lat' dir='ltr'>quod</span> 
     </span>
     <span class='ocr_line' id='line_1_33' title="bbox 256 4191 1288 4280; baseline 0.002 -22"><span class='ocrx_word' id='word_1_248' title='bbox 256 4193 385 4259; x_wconf 84' lang='lat' dir='ltr'>videtur</span> <span class='ocrx_word' id='word_1_249' title='bbox 408 4214 479 4257; x_wconf 86' lang='lat' dir='ltr'>esse</span> <span class='ocrx_word' id='word_1_250' title='bbox 503 4191 641 4279; x_wconf 87' lang='lat' dir='ltr'>aliquid,</span> <span class='ocrx_word' id='word_1_251' title='bbox 667 4212 730 4279; x_wconf 91' lang='lat' dir='ltr'>quo</span> <span class='ocrx_word' id='word_1_252' title='bbox 747 4192 857 4257; x_wconf 84' lang='lat' dir='ltr'>fauces</span> <span class='ocrx_word' id='word_1_253' title='bbox 874 4192 1060 4258; x_wconf 91' lang='lat' dir='ltr'>colluuntur</span> <span class='ocrx_word' id='word_1_254' title='bbox 1077 4193 1129 4273; x_wconf 76' lang='grc' dir='ltr'><strong>(Η.</strong></span> <span class='ocrx_word' id='word_1_255' title='bbox 1151 4193 1288 4280; x_wconf 72' lang='lat' dir='ltr'>steph).</span> 
     </span>
    </p>
   </div>
   <div class='ocr_carea' id='block_1_5' title="bbox 0 0 1448 4934">
    <p class='ocr_par' dir='ltr' id='par_1_9' title="bbox 0 0 1448 4934">
     <span class='ocr_line' id='line_1_34' title="bbox 0 0 1448 4934; baseline 0 0"><span class='ocrx_word' id='word_1_256' title='bbox 0 0 1448 4934; x_wconf 95' lang='lat' dir='ltr'> </span> 
     </span>
    </p>
   </div>
  </div>
 </body>
</html>
