2836 4934
536 249 710 322 Ἀναλάσνς.
1101 248 1143 312 25

111 496 160 562 Of.
194 497 277 561 Poll.
316 498 346 562 6.
382 498 440 574 25,
475 495 761 577 ἀναασγχολιασμός
795 495 867 560 nuh,
902 497 932 558 5.
959 497 1022 559 187
1041 516 1076 568 a,
1110 499 1144 558 et

111 616 246 703 praefat.
271 619 288 700 ξ
313 615 382 693 aa.

157 737 341 812 ἀναλύσας
361 738 437 824 „qui
453 736 612 802 veneficia
627 739 695 804 sire
711 737 951 802 incantationes
970 736 1086 802 solvit'’
1099 737 1144 800 lo·

111 863 200 962 gitur
215 884 266 949 ap.
283 862 391 948 Magn.
407 863 442 926 in
458 861 494 926 fr.
512 866 550 929 4:
567 862 789 942 ἀνειρομάνσεσιν
805 860 978 934 ἀναλύταις.
1006 861 1144 942 „Quem-

111 981 288 1047 admodum
318 983 525 1050 κσιτιιάέάεσθαι
557 984 644 1049 idem
673 989 723 1050 est
747 983 834 1070 quod
857 984 1144 1065 πεφαρμακῶσθαι,

111 1101 157 1166 εἰσ
181 1102 259 1166 λύειν
283 1108 316 1168 et
338 1104 476 1168 ἀναλύειν
500 1108 549 1168 est
572 1103 730 1169 veneficia
754 1104 898 1188 solvere;
922 1102 961 1168 of.
979 1103 1057 1168 Luo.
1076 1102 1144 1167 Vit.

112 1229 199 1287 auot.
231 1226 273 1288 25
306 1224 463 1309 (ἀνάλνσάν
492 1226 555 1308 με).
587 1225 730 1311 Hesyoh.
761 1223 980 1306 περικαάαάραν·
1011 1222 1146 1288 ἀναλύων

112 1342 159 1407 τὸν
183 1344 467 1425 πεφαρμακευμένον
491 1345 507 1421 ἢ
532 1344 780 1423 νεγσηπενμένσν”
804 1343 982 1429 (bobun).
998 1343 1146 1425 ἀναλνπάρ

111 1465 232 1551 legitur
264 1489 313 1553 ap.
345 1466 463 1532 Aesoh.
496 1467 554 1532 Oh.
592 1469 653 1532 158
685 1470 738 1551 (=
766 1468 946 1552 liberator).
970 1466 1021 1532 De
1044 1466 1147 1531 forma

113 1587 152 1652 of.
174 1586 347 1664 βαβάκπνς.

158 1712 403 1787 ἀναμασάμαι
442 1712 572 1798 proprie
613 1717 663 1777 est
702 1712 892 1794 „remando‚
923 1709 1070 1776 rumino'’
1105 1708 1147 1774 de

113 1831 324 1915 animalibus,
355 1832 441 1919 apud
464 1831 631 1919 Aristoph.
656 1834 690 1898 in
713 1834 813 1920 Vesp.
838 1855 868 1899 v.
895 1836 977 1899 783:
1001 1829 1088 1909 μόλις
1112 1831 1144 1895 τὸ

113 1950 232 2031 πρᾶγμ’
268 1951 398 2029 ἔγνωσαν
432 1954 655 2031 ἀναμασώμενοι
688 1960 863 2040 usurpatur
893 1975 969 2042 pro:
1006 1955 1145 2036 „iterum

115 2073 343 2140 considerare‘’
379 2097 451 2140 oum
483 2077 642 2141 allusione
674 2076 715 2141 ad
747 2097 814 2142 roo.
846 2076 1017 2155 μασώμενος
1048 2076 1083 2140 in
1115 2096 1146 2142 v.

117 2196 198 2279 7803
230 2194 322 2261 codd.
354 2196 394 2262 R.
429 2196 460 2262 S.
487 2197 525 2262 V.
554 2197 677 2263 habent
700 2198 955 2276 ἀναμασσάμενοι.
982 2196 1089 2262 Sohol.
1115 2197 1147 2260 εἰσ

115 2325 288 2400 μεταφορᾶς
319 2324 374 2383 τῶν
398 2318 668 2400 ἀναπεμπαζόνσαν
692 2321 743 2395 τὴν
765 2321 873 2402 τροφὴν
896 2318 970 2402 ζῴων
993 2318 1042 2384 καὶ
1066 2315 1146 2390 αὖθις

115 2440 360 2518 ἀναμασαμέναν.
383 2440 432 2505 of.
450 2441 547 2527 praef.
564 2443 614 2526 §2
628 2445 687 2507 α1.
706 2442 852 2529 Simplex
869 2446 1010 2519 μασῶμαι
1027 2440 1147 2526 legitur

116 2583 165 2648 ap.
189 2561 245 2627 Ar.
269 2561 369 2647 Vesp.
392 2563 466 2628 780.
484 2561 541 2648 nq.
560 2564 631 2628 711.
648 2563 736 2628 Plut.
762 2564 837 2629 321.
855 2561 1018 2648 Theophr.
1044 2564 1078 2626 et
1099 2581 1147 2625 se·

116 2681 220 2767 quior.
245 2680 609 2768 (imposturatorem
635 2684 852 2771 Apollophan.
878 2686 897 2748 2
924 2686 997 2749 880.
1014 2683 1148 2749 Aristot.

116 2802 159 2869 H.
192 2801 233 2867 A.
266 2805 297 2868 9.
332 2805 362 2868 6.
394 2806 586 2883 ε’πιμασῶμαι
617 2805 762 2892 Aloiphr.
792 2808 821 2872 3.
847 2808 899 2871 51.
924 2810 1149 2884 καπαμασῶμαι

115 2924 286 3011 Ηίρροσε.,
312 2925 399 2990 Alex
433 2928 462 2991 3.
486 2928 560 2992 427.

159 3047 377 3125 ἀναμετρεῖν
400 3053 575 3134 usurpatur
595 3069 692 3112 sensu
708 3048 869 3114 invitante
887 3049 1056 3113 oooasione
1072 3049 1148 3113 fioto

116 3167 204 3256 apud
239 3167 493 3254 Aristophanem
528 3169 560 3231 in
593 3168 653 3234 Ar.
685 3190 713 3232 r.
748 3169 842 3232 1020.
875 3168 926 3232 Ibi
958 3168 1043 3233 enim
1075 3188 1149 3232 oum

116 3287 276 3352 allusione
301 3286 342 3351 ad
367 3293 469 3352 artem
494 3294 679 3373 geometrae
704 3294 754 3352 est
780 3291 849 3371 „otu
872 3290 1081 3367 ἀναμετρήσεις
1099 3290 1150 3354 αὑ-

115 3406 202 3488 σον”;
233 3412 254 3472 i.
279 3430 307 3494 q.
335 3406 459 3489 „always
483 3406 623 3473 σεαυτὸν”
648 3410 743 3493 (Ran.
769 3410 857 3494 853.)
894 3411 977 3475 Aliis
1001 3411 1150 3476 sensibus

117 3529 206 3616 apud
232 3529 313 3594 alios
337 3529 511 3616 scriptores
535 3535 725 3616 usurpatur,
750 3529 787 3595 of.
813 3529 872 3595 Od.
903 3533 950 3595 12.
975 3532 1048 3595 428.
1073 3530 1149 3596 Eur.

116 3650 192 3714 Ion.
226 3650 298 3713 250.
338 3650 434 3713 1271.
466 3648 588 3713 Herod.
623 3651 653 3712 2.
688 3651 750 3713 109
783 3656 842 3714 eto.
873 3650 929 3714 Ar.
957 3648 1042 3714 Nub.
1076 3651 1148 3715 203.

117 3772 195 3836 Plat
238 3771 321 3836 Tim.
358 3771 399 3834 30
421 3769 449 3834 d.
486 3770 569 3835 Plut.
607 3772 721 3836 Periol.
746 3774 797 3838 38.
826 3771 968 3857 (denuo
992 3773 1150 3855 metior,

118 3899 306 3960 accurate
338 3895 493 3972 metior,
523 3917 704 3960 mensura
728 3895 886 3981 divido).
912 3897 993 3961 (lum
1017 3897 1151 3962 notione

122 4015 266 4099 „tasse”
291 4014 327 4080 of.
352 4015 500 4081 ἀπσδιάκσν
523 4017 674 4100 (ἐμαυτὸν)
698 4017 782 4082 Nub.
809 4020 904 4082 1290.

164 4138 439 4218 ἀναπειστάριος
475 4137 592 4204 adieot.
631 4144 745 4224 „aptus
781 4138 821 4203 ad
856 4137 1151 4225 persuadendum”,

117 4261 296 4327 formatum
331 4258 372 4324 de
408 4260 507 4324 verbo
542 4262 724 4346 ἀναπείθειν,
758 4260 879 4351 legitur
910 4260 996 4351 apud
1027 4261 1153 4328 Aristo-
