2836 4934
250 557 280 621 p.
306 538 368 613 28,
394 538 425 599 4.
450 536 594 622 Hesych.
620 559 644 600 s.
670 559 700 601 v.
725 537 876 602 Eustath.
902 537 940 600 Il.
965 559 996 623 p.
1023 536 1098 619 621,
1124 537 1177 600 36.
1206 535 1302 601 Ver*

250 657 328 722 bum
361 678 380 723 5
406 659 575 724 comoedia
599 660 737 746 sumpsit
760 661 824 724 Dio
850 660 885 724 Ο.
911 662 964 724 55.
992 661 1043 723 14.
1075 657 1161 723 Vide
1185 658 1301 744 praef..

250 779 267 861 §
293 780 333 842 12
358 784 392 843 et
415 779 455 843 of.
481 780 690 845 Homericum
714 780 886 860 μερμηρίζω.

295 919 319 961 5.
347 921 375 963 v.
399 900 574 978 ἀπόνιπτρον
598 900 645 983 (in
669 899 749 983 fine)
772 900 860 983 legs:
891 905 947 980 „ut
972 921 999 962 v.
1026 920 1053 962 c.
1078 899 1158 962 haec
1179 898 1303 962 termim

251 1020 340 1101 ratio
364 1021 619 1085 instrumentum
642 1020 767 1085 indicat
791 1021 826 1084 in
850 1041 921 1084 voc.
946 1017 1126 1098 rdpcurpov'’
1152 1038 1221 1103 sqq.

296 1162 327 1226 p.
353 1143 394 1207 59
426 1163 457 1205 r.
490 1144 532 1206 25
564 1148 599 1207 et
629 1142 707 1206 alibi
739 1142 860 1228 ubique
892 1163 951 1228 pro
983 1139 1090 1227 „apud
1115 1140 1304 1226 scriptores.

251 1261 494 1326 non-comicos’'
518 1262 696 1349 legendum
722 1269 772 1328 551
799 1267 914 1345 „extra
940 1260 1175 1328 comoediam’'.

295 1403 320 1445 s.
351 1404 382 1447 v.
416 1384 549 1459 βάλανος
580 1405 638 1470 pro
674 1385 798 1465 „simile
830 1383 931 1471 quid’'
965 1384 1039 1469 lego
1074 1383 1207 1464 „similis
1233 1384 1305 1447 ali·-
1396 1439 1398 1442 .

252 1503 343 1568 cuius
365 1504 445 1569 rei”.
928 1488 931 1494 ⁵

297 1647 321 1688 s.
345 1648 375 1690 v.
400 1627 574 1701 6551155535
598 1649 656 1714 pro
682 1629 858 1700 ssaaaaooids
881 1629 954 1714 logo
979 1627 1168 1701 Παλλήναδε.

295 1767 326 1831 p.
353 1747 394 1808 63
420 1767 450 1809 v.
476 1749 516 1810 27
542 1767 600 1831 pro
628 1748 714 1828 „sint
741 1785 781 1795 -
806 1747 1000 1824 porcaria?
1024 1748 1098 1832 legs
1123 1767 1206 1832 „quo
1225 1767 1302 1811 non·

251 1866 419 1949 portinent
457 1867 558 1931 verba
596 1866 756 1931 aorudaaao
795 1873 829 1932 at
863 1869 1055 1949 corcoiaco,
1093 1888 1176 1952 quae
1212 1888 1303 1932 num

252 1985 338 2050 sint”
363 2007 432 2072 sqq.

297 2129 321 2175 s.
347 2131 376 2172 v.
408 2109 573 2185 amorra
604 2111 651 2192 (in
676 2109 754 2193 fine)
779 2109 952 2175 deleantur
976 2109 1076 2174 verba
1104 2108 1297 2191 „yowdaao

252 2264 297 2276 -
320 2226 491 2293 reddcra”.
644 2207 650 2219 ’

218 2438 221 2443 .
298 2370 323 2412 s.
348 2371 377 2413 v.
403 2349 625 2429 cancerauma·
649 2350 723 2434 lege
751 2350 826 2435 „qui
850 2350 965 2414 anulos
989 2347 1199 2413 fabricatur’‘.

297 2492 328 2556 p.
355 2473 395 2534 91
425 2492 455 2534 v.
483 2473 523 2535 15
547 2492 605 2556 pro
633 2470 917 2551 „Herwerdanus”
941 2472 1015 2556 lege
1043 2470 1304 2556 „Blaydesius”..

255 2591 498 2657 Herwerdenus
522 2593 647 2656 mavult
671 2593 764 2673 adrepe
789 2615 847 2668 μοι.
896 2596 899 2602 ’

298 2734 323 2776 5.
348 2736 378 2776 v.
407 2712 612 2788 ἐκσκεδαέννυμι
637 2718 711 2798 post
735 2711 907 2785 cusiriacum
932 2712 1005 2796 logo
1033 2709 1180 2795 „aliaque
1207 2731 1307 2774 oom=

253 2833 392 2920 posita”.

297 2977 328 3041 p.
350 2956 409 3018 121
428 2976 458 3018 v.
478 2957 496 3019 7
513 2975 572 3040 pro
588 2955 822 3027 ἐναποπωτήσεις
838 2954 911 3038 lego
925 2954 1136 3031 docroaardcp
1147 2949 1307 3034 (Cobet).

230 3085 232 3087 ’
296 3099 327 3162 p.
363 3078 425 3139 136
457 3099 486 3139 v.
520 3079 539 3140 8
571 3082 645 3161 post
678 3071 1131 3157 ζωμήρυσ1ς111551541111511.
1157 3072 1189 3135 3.
1218 3073 1298 3136 146.

252 3197 391 3262 Philam.
415 3197 492 3261 min.
518 3200 548 3261 4.
575 3200 628 3262 68.
653 3197 819 3282 Anaxipp.
846 3198 876 3260 4.
902 3196 977 3259 465.
1061 3215 1063 3220 ·

298 3341 328 3405 p.
356 3321 418 3382 138
443 3340 473 3382 v..
499 3320 541 3382 24
564 3340 622 3404 pro
651 3317 892 3399 „obscoenum”
916 3319 990 3401 lego
1018 3313 1273 3397 „obscoenam'’.

297 3459 321 3501 5.
347 3460 376 3501 v.
402 3438 594 3517 doopropdvrrc
621 3438 669 3521 (in
692 3438 772 3521 fine)
797 3436 881 3503 oddo
911 3437 994 3518 „alia
1017 3439 1069 3520 (ut
1085 3434 1305 3521 ἰατρόμαντις,

251 3560 477 3641 ἀριστόμαντις,
502 3559 717 3640 opooaoeaay’.

298 3701 322 3744 5.
348 3702 377 3743 v.
402 3681 615 3759 ἱμονιοστρόφος
640 3680 687 3762 (in
711 3679 790 3763 fine)
815 3678 898 3744 adde
924 3698 1014 3756 „voa
1032 3675 1300 3756 σχοινιοσυμβὸλος

252 3801 351 3866 etiam
383 3801 575 3886 antiquioris
604 3802 737 3886 linguae
769 3800 868 3865 fuisso
901 3799 969 3864 veri
994 3797 1098 3862 simila
1123 3801 1191 3879 est,
1216 3797 1307 3883 quia.

251 3924 316 3987 iam
340 3924 416 3988 Pac.
442 3926 484 3988 36
510 3944 556 4008 sq.
581 3923 740 3988 habemus
768 3924 903 4004 „exara
927 3919 1149 3997 55566115νῆ
1169 3964 1170 3967 ¹

298 4064 322 4106 5.
347 4065 377 4107 v.
401 4044 568 4123 καρδοιμίζω
593 4043 710 4108 deletis
734 4044 842 4108 verbis
862 4042 922 4124 „do
939 4041 1108 4123 cardamo,
1125 4041 1302 4106 nasturcio

251 4162 387 4248 loquor”
419 4165 450 4228 τί
478 4164 663 4244 καρδαμίζεις
698 4164 928 4251 explicandum
958 4169 1008 4228 est
1035 4161 1133 4250 „quid
1157 4182 1307 4249 crepas„

253 4303 365 4349 narras
389 4286 468 4352 mihi
491 4286 725 4353 oardamum?”
