2836 4934
199 285 261 347 122
525 279 893 361 Ἐνδιοοεριοιυεριννχέτους.

196 527 362 594 Homerici
392 525 646 606 ἕκκοιιδενοίδουρος.
665 527 725 591 'Ut
748 531 785 592 ut
808 532 874 604 est,
899 527 1002 594 latere
1025 525 1155 593 videtur
1178 529 1226 593 in·

194 648 302 734 gentis
326 669 496 714 mensurae
521 648 630 735 aliqua
653 647 869 734 significati0’'
893 650 968 731 (van
996 648 1224 731 Herwerden).

194 768 248 835 Ad
279 768 414 835 formam
445 768 485 833 cf.
516 767 687 841 ἑπτάκλινος
717 769 802 834 Xen.
834 767 936 835 Oorrv.
969 771 999 834 2.
1028 771 1076 833 18.
1099 768 1225 856 Phryn.

196 912 277 957 com.
304 890 341 955 fr.
365 893 425 967 66,
450 890 506 956 ubi
530 891 629 956 etiam
652 890 842 977 ἐννεοίκλινος,
868 890 1006 972 τρίκλινος
1030 912 1082 978 ap.
1107 891 1223 978 Polyb.

195 1015 247 1076 31.
272 1013 301 1077 4.
325 1013 364 1090 3,
388 1011 569 1093 τετροθκλινος
594 1012 674 1078 Luc.
695 1011 778 1077 Tcx.
795 1012 848 1076 46.
872 1012 923 1077 De
939 1010 1132 1078 formatione
1148 1011 1223 1078 vide

195 1153 263 1200 voc.
286 1133 414 1213 δίμυξος.

238 1254 661 1337 ἐνδιαεριαυερινηχέτους
685 1253 760 1320 vide
783 1253 825 1320 ad
849 1276 918 1321 voe.
942 1255 1112 1337 οέεροννρχνίς.

238 1376 437 1442 ἐνεκτλθνον
462 1376 536 1442 vide
560 1375 692 1443 advoc.
716 1374 868 1455 ἐνεξεμεΐν.

238 1497 417 1576 ἕνεξεμεῖν
454 1520 588 1581 „evomo
623 1498 678 1564 in”
712 1503 746 1564 et
782 1499 982 1565 ἐνεκτλθνιο
1017 1500 1133 1584 „abluo
1165 1500 1221 1565 in”

192 1622 347 1710 leguntur
369 1643 420 1708 cp.
446 1621 635 1708 Polyzelum
657 1620 691 1684 in
714 1620 753 1686 ir.
777 1621 814 1687 4:
839 1621 961 1701 λεκανίιρ
983 1620 1043 1702 γὰρ
1058 1618 1219 1699 ἐνεξεμοῑς,

193 1746 383 1816 ἐνεκτλυνεῒς.
407 1740 541 1821 'Effusis
563 1743 729 1808 invenitur
751 1743 838 1830 apud
862 1744 960 1809 Hom.
986 1743 1047 1810 Od.
1074 1745 1125 1808 12.
1144 1745 1222 1811 237.

192 1865 250 1933 Ar.
273 1866 354 1932 Ach.
380 1867 455 1930 586.
479 1865 564 1930 Plat.
588 1863 671 1951 Rep.
697 1866 727 1930 3.
752 1864 851 1930 4065
875 1869 909 1930 et
925 1885 1001 1952 seq„
1018 1864 1150 1931 ἐκτλθνω
1168 1886 1219 1951 cp.

192 1987 316 2054 Herod.
351 1991 377 2053 1.
409 1989 482 2053 263.
513 1986 599 2052 Plat.
630 1987 714 2074 Rep.
746 1989 775 2053 4.
807 1988 913 2052 430a.
946 1986 1003 2052 Ar.
1036 1987 1112 2073 Lys.
1144 1987 1220 2050 575.

192 2108 329 2174 Aristot.
361 2108 402 2172 H.
435 2108 476 2174 Α.
508 2109 539 2174 3.
572 2109 623 2175 20.
651 2107 700 2174 Of.
725 2108 860 2196 praefat.
884 2111 902 2194 ξ
926 2109 957 2177 5.
981 2107 1095 2195 Gomp.
1120 2130 1221 2190 τροεν-

191 2231 289 2296 τλθνον
312 2235 363 2297 est
385 2253 436 2318 ap.
461 2231 613 2318 sequior,
637 2229 823 2313 τροσεξεμεῑν
839 2231 924 2296 Plut.
943 2229 983 2295 de
1006 2228 1112 2316 cupid.
1129 2227 1220 2295 divit.

192 2356 221 2418 2.
246 2350 412 2431 συνεξεμεῖν
434 2352 535 2418 Arist.
559 2351 603 2420 H.
627 2353 668 2418 A.
695 2355 722 2417 5.
749 2354 798 2417 15.

237 2473 532 2556 ἐνθεττολίζομοι
580 2473 804 2561 „chlamydem
839 2473 1059 2540 Thessalicam
1098 2469 1219 2537 induc‘'

189 2597 310 2682 legitur
339 2594 426 2683 apud
452 2595 593 2683 Eupolis
616 2596 651 2659 in
674 2595 712 2663 fr.
738 2596 812 2661 201.
839 2595 995 2682 Stephon.
1019 2595 1118 2680 Byz.:
1143 2595 1220 2658 ἐντε-

190 2716 407 2794 θετταλίσμεθα
430 2715 561 2781 τουτέστι
583 2714 731 2796 χλαμύδα
752 2718 936 2791 Θετταλικὴν
951 2721 1094 2809 φοροῦμεν
1110 2715 1126 2791 ἣ
1145 2727 1220 2782 Θετ-

190 2837 308 2904 ταλικὸν
338 2837 451 2919 ττερθν.
484 2837 641 2904 Similiter
663 2839 747 2904 Poll.
774 2842 801 2904 7.
826 2839 880 2903 46.
905 2838 1067 2925 Hesych:
1092 2840 1220 2904 ἐντεθετ-

189 2962 342 3026 ταλίσθαι·
368 2959 663 3041 ἐνκεχλαμυδῶσθαι.
687 2959 801 3036 σθννθες
824 2961 884 3041 yar
908 2966 1070 3032 Θετταλοῖς
1094 2975 1219 3041 χλαμυ-

188 3083 323 3166 δοφορεῒν.
364 3082 510 3170 Simplex
548 3080 707 3163 θετταλίζοι
733 3087 797 3147 'cst
832 3081 1028 3166 „Thessalos
1062 3082 1216 3168 imitari’',

188 3202 310 3281 λέγεται
342 3204 429 3269 enim
459 3205 496 3275 ὡς
525 3201 625 3283 διορίζον
658 3202 774 3285 (Dores
805 3202 935 3285 imitari)
959 3201 1086 3288 (Steph.
1110 3202 1216 3289 Byr).

190 3324 375 3391 Secundum
409 3325 511 3391 Koch.
550 3325 639 3408 „sinc
669 3324 768 3390 dubio
798 3325 833 3390 in
863 3324 1076 3411 ambiguitate
1108 3325 1218 3412 aliqua

188 3445 360 3511 verborum
395 3444 529 3532 Eupolis
562 3445 717 3511 luserat'’.
751 3446 901 3512 Brevitas
936 3445 1110 3532 fragmenti
1148 3469 1217 3513 rcm

190 3567 358 3634 diiudicari
382 3589 448 3633 non
472 3568 559 3634 sinit.

233 3690 429 3772 ἐνθριοῦμαι
468 3689 633 3774 „involvor
665 3689 812 3756 ficulneis
843 3687 946 3754 foliis”
975 3689 1097 3775 legitur
1129 3690 1217 3777 apud

189 3787 442 3898 Aristophanem
472 3812 506 3876 in
537 3811 614 3897 Lys.
647 3833 676 3876 v.
710 3813 792 3877 coa:
831 3811 883 3883 ov
916 3808 1030 3889 οεομο·
1054 3810 1217 3899 raveto,

188 3933 224 4003 ὡς
247 3933 297 3996 οὐκ
320 3932 509 4013 ἐντεθριῶσθαι
532 3931 650 4012 τρέπει,
676 3931 895 4018 metaphorice
917 3960 959 3990 =
981 3932 1216 4018 irretirentur,

188 4050 415 4132 ἐνσκευάζεσθαι.
448 4051 572 4117 Schol.:
604 4053 810 4130 μετενήνεκται
839 4053 869 4117 δέ
899 4053 958 4118 cirri
981 4060 1032 4120 τοῦ
1056 4056 1218 4132 λεγομένου

188 4174 259 4252 θρίου
288 4172 508 4249 σκεοοίσματος,
540 4171 554 4236 ὃ
586 4174 615 4237 ἐν
645 4171 731 4237 σύκου
763 4171 886 4249 Φθλλοις
911 4175 1041 4239 εἱλεῖται.
1090 4174 1217 4240 Similia

188 4293 366 4380 composita
395 4291 470 4358 vide
501 4314 525 4359 s.
549 4315 579 4360 v.
604 4294 844 4374 ἐνκοισυροῦοθοιι.
876 4295 926 4361 De
951 4294 1054 4361 forma
1076 4295 1118 4361 ed
1142 4319 1215 4366 roc.
