2836 4934
487 282 699 361 Ἡμιμάσήπσς.
1066 288 1127 351 145

148 527 374 603 ἠμιμάσήπις
413 529 666 610 „semimansus”
698 530 818 616 legitur
848 530 936 619 apud
968 532 1134 599 Oratetem

89 647 140 713 fr.
166 649 227 732 493
252 648 292 713 cf.
317 650 399 714 Poll.
425 652 456 721 6.
483 653 543 714 161
567 672 591 715 s.
616 672 647 719 v.
672 652 835 727 ἠμίισατσς.
860 650 1028 729 Ἀμάσήπις
1043 654 1135 718 inve·

92 769 193 834 nitur
217 791 267 857 ap.
292 762 455 864 Suidam‚'
468 770 647 848 διαμασήτίς
671 792 722 858 ap.
747 773 991 859 Hippocratem.

148 890 373 966 ἠμίπλεκπος
400 892 628 973 „seminexns”
650 892 771 978 legitur
794 891 880 981 apud
896 893 1086 981 Philyllium
1101 894 1135 958 in

96 1011 140 1075 fr.
167 1013 221 1077 31.
252 1011 384 1083 Πλεκπίς
418 1016 511 1076 extat
542 1011 629 1099 apud
653 1012 772 1096 Hom,
796 1013 951 1089 Hesiod.,
977 1014 1136 1099 tragicos,

101 1139 138 1198 ot
162 1133 338 1219 sequiores.
363 1133 412 1200 Of.
436 1134 646 1211 άμΦίπλεκπνς
667 1134 766 1222 Soph.
784 1135 836 1199 Tr.
854 1136 929 1217 517,
946 1134 1137 1216 περίπλεκπις

102 1254 240 1320 Theoor.
276 1257 326 1321 18.
359 1259 398 1338 8,
422 1255 610 1334 σύμπλενπσς
633 1257 710 1321 Mel.
737 1259 765 1321 1.
793 1259 832 1320 18
859 1253 933 1343 (IV.
962 1256 1024 1342 1.),
1049 1258 1138 1321 παλά-

103 1391 230 1449 πλεκπσς
256 1376 327 1450 Nic.
352 1377 404 1442 Al.
431 1380 492 1461 24,
517 1377 676 1450 ειίπλενπις
702 1378 800 1442 Hom.
825 1378 933 1443 Inoo.
954 1380 1027 1443 115.
1051 1379 1137 1445 Vide
1275 1431 1278 1438 .

105 1519 130 1562 s.
153 1519 184 1562 v.
210 1497 374 1574 ἠμίλιυπσς.
1100 1520 1102 1524 ’

150 1619 398 1701 ἠμιφωσάνιιν
424 1618 521 1700 „linei
544 1619 731 1685 vestimenti
756 1618 898 1706 speeies''
914 1619 1034 1706 legitur
1049 1619 1137 1707 apud

106 1739 362 1828 Aristophanem
385 1740 421 1804 in
443 1740 481 1804 fr.
508 1742 582 1804 784.
607 1739 655 1806 of.
681 1762 705 1804 s.
730 1762 757 1805 v.
782 1741 945 1817 ἠμίιιινπσα.
967 1741 1071 1805 Φάσαν
1088 1747 1138 1806 est

106 1862 196 1941 χιτὼν
220 1860 384 1938 Αἰγύπτιος
408 1861 440 1925 εἰσ
463 1859 577 1941 παχέας
600 1863 686 1926 λίνου.
712 1861 849 1946 (Oratin.
869 1862 906 1926 fr.
925 1863 1012 1945 250).
1037 1863 1139 1928 Extat

106 1980 250 2062 φασάνιαν
274 1979 361 2069 apud
385 1981 465 2046 Luc.
490 1981 631 2068 Lexiph.
656 1983 686 2045 2.

151 2101 338 2182 ἠρισπάναι
374 2105 409 2166 et
442 2101 637 2181 ἠρίσταμεν
668 2100 792 2168 formae
824 2106 1021 2189 syncopatae
1052 2101 1138 2189 apud

108 2221 193 2287 solos
227 2221 367 2287 comicos
389 2222 619 2310 inveniuntur,
652 2223 719 2287 soil.
745 2245 794 2310 ap.
820 2223 989 2311 Hermipp.
1013 2223 1051 2287 fr.
1078 2224 1138 2306 60,

106 2343 308 2430 Theopomp.
344 2343 382 2408 fr.
420 2345 480 2408 22:
524 2344 698 2423 ἠρίσταμεν·
733 2344 778 2409 δεῖ
808 2343 867 2423 γάρ
898 2343 1055 2410 συνάπτειν
1089 2342 1139 2408 vta

105 2464 211 2550 λόγον,
244 2465 412 2553 Aristoph.
444 2465 482 2530 fr.
511 2467 586 2531 496.
633 2467 686 2532 Sic
718 2468 817 2533 etiam
846 2467 1072 2532 δεδειπνάναι
1105 2473 1139 2532 et

105 2585 345 2665 δεδείπναμεν
368 2587 497 2652 comicis
520 2588 650 2675 propria
674 2593 763 2667 sunt3
780 2590 935 2675 leguntur
952 2588 1038 2676 apnd
1055 2590 1138 2654 Plat.

105 2708 144 2771 fr.
170 2708 243 2771 144.
276 2707 442 2794 Aristoph.
475 2708 511 2773 fr.
536 2710 618 2787 249,
650 2711 731 2774 464:
775 2710 879 2784 αὐτοὺς
909 2710 1003 2788 σίνμαι
1027 2711 1139 2776 δεδειπ-
1269 2778 1271 2783 ,

106 2825 189 2892 νάναι
214 2831 248 2893 et
271 2832 366 2893 extra
389 2828 590 2896 comoediam
612 2832 780 2917 antiquam
803 2853 854 2920 ap.
880 2833 1014 2921 Antiph.
1040 2835 1069 2898 3.
1088 2836 1139 2899 79.

107 2948 227 3016 Enbnl.
251 2952 282 3015 3.
307 2950 383 3016 248.
406 2951 548 3038 Epicrat.
573 2954 603 3017 3.
629 2954 704 3017 365.
729 2952 862 3022 Alexid.
880 2956 911 3019 3.
929 2956 1004 3019 429.
1028 2953 1139 3021 Verba

106 3071 275 3159 pertinent
298 3072 339 3137 ad
362 3074 500 3161 praefat.
524 3078 543 3160 ξ
569 3077 606 3139 11
625 3100 656 3140 α.
