<?xml version="1.0" encoding="UTF-8"?>
<!DOCTYPE html PUBLIC "-//W3C//DTD XHTML 1.0 Transitional//EN"
    "http://www.w3.org/TR/xhtml1/DTD/xhtml1-transitional.dtd">
<html xmlns="http://www.w3.org/1999/xhtml" xml:lang="en" lang="en">
 <head>
  <title>
</title>
<meta http-equiv="Content-Type" content="text/html;charset=utf-8" />
  <meta name='ocr-system' content='tesseract 3.04.00' />
  <meta name='ocr-capabilities' content='ocr_page ocr_carea ocr_par ocr_line ocrx_word'/>
</head>
<body>
  <div class='ocr_page' id='page_1' title='image "./devocabulisanti01junggoog_0061.png"; bbox 0 0 2836 4934; ppageno 0'>
   <div class='ocr_carea' id='block_1_1' title="bbox 186 314 780 395">
    <p class='ocr_par' dir='ltr' id='par_1_1' title="bbox 186 314 780 395">
     <span class='ocr_line' id='line_1_1' title="bbox 186 314 780 395; baseline 0 -16"><span class='ocrx_word' id='word_1_1' title='bbox 186 317 229 379; x_wconf 88' lang='lat'>30</span> <span class='ocrx_word' id='word_1_2' title='bbox 633 314 780 395; x_wconf 84' lang='grc' dir='ltr'><strong><em>Ἀνέρρενν.</em></strong></span> 
     </span>
    </p>
   </div>
   <div class='ocr_carea' id='block_1_2' title="bbox 185 562 1228 1987">
    <p class='ocr_par' dir='ltr' id='par_1_2' title="bbox 185 562 1225 1259">
     <span class='ocr_line' id='line_1_2' title="bbox 185 562 1219 652; baseline 0 -24"><span class='ocrx_word' id='word_1_3' title='bbox 185 591 188 596; x_wconf 92' lang='grc'><em>·</em></span> <span class='ocrx_word' id='word_1_4' title='bbox 231 562 382 643; x_wconf 78' lang='grc' dir='ltr'><strong><em>ἀνέρρενν</em></strong></span> <span class='ocrx_word' id='word_1_5' title='bbox 409 563 448 646; x_wconf 80' lang='lat' dir='ltr'>„i.</span> <span class='ocrx_word' id='word_1_6' title='bbox 473 585 502 650; x_wconf 93' lang='lat' dir='ltr'>q.</span> <span class='ocrx_word' id='word_1_7' title='bbox 527 562 748 646; x_wconf 78' lang='grc' dir='ltr'><strong><em>ἀνωφάωρηνων”</em></strong></span> <span class='ocrx_word' id='word_1_8' title='bbox 766 562 869 652; x_wconf 86' lang='lat' dir='ltr'>(quod</span> <span class='ocrx_word' id='word_1_9' title='bbox 886 562 976 651; x_wconf 81' lang='lat' dir='ltr'>vide)</span> <span class='ocrx_word' id='word_1_10' title='bbox 993 564 1115 650; x_wconf 79' lang='lat' dir='ltr'>legitur</span> <span class='ocrx_word' id='word_1_11' title='bbox 1131 563 1219 651; x_wconf 86' lang='lat' dir='ltr'>apud</span> 
     </span>
     <span class='ocr_line' id='line_1_3' title="bbox 188 684 1222 771; baseline 0.001 -22"><span class='ocrx_word' id='word_1_12' title='bbox 188 684 329 771; x_wconf 78' lang='lat' dir='ltr'>Eupoliu</span> <span class='ocrx_word' id='word_1_13' title='bbox 359 684 394 748; x_wconf 86' lang='lat' dir='ltr'>in</span> <span class='ocrx_word' id='word_1_14' title='bbox 424 684 462 749; x_wconf 88' lang='lat' dir='ltr'>fr.</span> <span class='ocrx_word' id='word_1_15' title='bbox 495 686 576 749; x_wconf 84' lang='lat'>221:</span> <span class='ocrx_word' id='word_1_16' title='bbox 611 686 667 767; x_wconf 71' lang='lat' dir='ltr'>„cic</span> <span class='ocrx_word' id='word_1_17' title='bbox 696 685 782 764; x_wconf 72' lang='grc' dir='ltr'><strong><em>μόλις</em></strong></span> <span class='ocrx_word' id='word_1_18' title='bbox 813 684 961 766; x_wconf 75' lang='grc' dir='ltr'><strong><em>ἀνάρρηω’·</em></strong></span> <span class='ocrx_word' id='word_1_19' title='bbox 985 685 1062 752; x_wconf 77' lang='grc' dir='ltr'><strong><em>οὐδέν</em></strong></span> <span class='ocrx_word' id='word_1_20' title='bbox 1086 687 1174 763; x_wconf 82' lang='grc' dir='ltr'><strong><em>ἔσμεν</em></strong></span> <span class='ocrx_word' id='word_1_21' title='bbox 1198 687 1222 750; x_wconf 87' lang='lat' dir='ltr'>ol</span> 
     </span>
     <span class='ocr_line' id='line_1_4' title="bbox 187 805 1223 894; baseline 0 -23"><span class='ocrx_word' id='word_1_22' title='bbox 187 805 322 890; x_wconf 75' lang='lat' dir='ltr'>caupol”,</span> <span class='ocrx_word' id='word_1_23' title='bbox 346 806 386 871; x_wconf 89' lang='lat' dir='ltr'>cf.</span> <span class='ocrx_word' id='word_1_24' title='bbox 410 805 537 887; x_wconf 78' lang='grc' dir='ltr'><strong><em>εἷσὲρρενν</em></strong></span> <span class='ocrx_word' id='word_1_25' title='bbox 563 808 616 873; x_wconf 83' lang='lat' dir='ltr'>Ar.</span> <span class='ocrx_word' id='word_1_26' title='bbox 634 807 693 893; x_wconf 74' lang='lat' dir='ltr'>uq.</span> <span class='ocrx_word' id='word_1_27' title='bbox 711 808 741 872; x_wconf 87' lang='grc'>4.</span> <span class='ocrx_word' id='word_1_28' title='bbox 760 806 890 873; x_wconf 81' lang='lat' dir='ltr'>Thesm.</span> <span class='ocrx_word' id='word_1_29' title='bbox 915 808 999 872; x_wconf 76' lang='lat'>1075</span> <span class='ocrx_word' id='word_1_30' title='bbox 1017 813 1051 872; x_wconf 82' lang='lat' dir='ltr'>et</span> <span class='ocrx_word' id='word_1_31' title='bbox 1066 809 1223 894; x_wconf 71' lang='lat' dir='ltr'>sequium,</span> 
     </span>
     <span class='ocr_line' id='line_1_5' title="bbox 187 927 1224 1016; baseline 0 -22"><span class='ocrx_word' id='word_1_32' title='bbox 187 929 316 1010; x_wconf 76' lang='grc' dir='ltr'><strong><em>ἀωέρρενν</em></strong></span> <span class='ocrx_word' id='word_1_33' title='bbox 339 927 395 993; x_wconf 80' lang='lat' dir='ltr'>Ar.</span> <span class='ocrx_word' id='word_1_34' title='bbox 420 927 504 992; x_wconf 87' lang='lat' dir='ltr'>Nub.</span> <span class='ocrx_word' id='word_1_35' title='bbox 531 930 605 994; x_wconf 78' lang='lat'><strong>783.</strong></span> <span class='ocrx_word' id='word_1_36' title='bbox 630 928 715 994; x_wconf 83' lang='lat' dir='ltr'>Eccl.</span> <span class='ocrx_word' id='word_1_37' title='bbox 744 931 816 1011; x_wconf 87' lang='lat'><strong>169,</strong></span> <span class='ocrx_word' id='word_1_38' title='bbox 842 930 899 1014; x_wconf 86' lang='lat' dir='ltr'>al,</span> <span class='ocrx_word' id='word_1_39' title='bbox 916 927 1013 1011; x_wconf 79' lang='grc' dir='ltr'><strong><em>ἒξέρρω</em></strong></span> <span class='ocrx_word' id='word_1_40' title='bbox 1031 929 1106 995; x_wconf 83' lang='lat' dir='ltr'>Eur.</span> <span class='ocrx_word' id='word_1_41' title='bbox 1123 930 1224 1016; x_wconf 92' lang='lat' dir='ltr'>Hipp.</span> 
     </span>
     <span class='ocr_line' id='line_1_6' title="bbox 189 1048 1225 1136; baseline -0.001 -21"><span class='ocrx_word' id='word_1_42' title='bbox 189 1051 274 1133; x_wconf 80' lang='grc'><strong>973,</strong></span> <span class='ocrx_word' id='word_1_43' title='bbox 306 1049 415 1114; x_wconf 88' lang='lat' dir='ltr'>omnia</span> <span class='ocrx_word' id='word_1_44' title='bbox 447 1069 520 1113; x_wconf 90' lang='lat' dir='ltr'>cum</span> <span class='ocrx_word' id='word_1_45' title='bbox 551 1049 685 1114; x_wconf 79' lang='lat' dir='ltr'>notione</span> <span class='ocrx_word' id='word_1_46' title='bbox 721 1048 780 1130; x_wconf 85' lang='lat' dir='ltr'>„ad</span> <span class='ocrx_word' id='word_1_47' title='bbox 812 1048 1021 1136; x_wconf 88' lang='lat' dir='ltr'>perniciem”.</span> <span class='ocrx_word' id='word_1_48' title='bbox 1047 1049 1100 1115; x_wconf 83' lang='lat' dir='ltr'>Sic</span> <span class='ocrx_word' id='word_1_49' title='bbox 1125 1049 1225 1114; x_wconf 84' lang='lat' dir='ltr'>etiam</span> 
     </span>
     <span class='ocr_line' id='line_1_7' title="bbox 190 1168 1225 1259; baseline -0.002 -23"><span class='ocrx_word' id='word_1_50' title='bbox 190 1171 329 1257; x_wconf 81' lang='lat' dir='ltr'><strong>simplex</strong></span> <span class='ocrx_word' id='word_1_51' title='bbox 353 1171 418 1249; x_wconf 83' lang='grc' dir='ltr'><strong><em>ἔρρω</em></strong></span> <span class='ocrx_word' id='word_1_52' title='bbox 443 1168 529 1257; x_wconf 87' lang='lat' dir='ltr'>apud</span> <span class='ocrx_word' id='word_1_53' title='bbox 546 1171 728 1258; x_wconf 81' lang='lat' dir='ltr'>complures</span> <span class='ocrx_word' id='word_1_54' title='bbox 746 1171 928 1259; x_wconf 81' lang='lat' dir='ltr'>scriptores.</span> <span class='ocrx_word' id='word_1_55' title='bbox 946 1170 1136 1258; x_wconf 69' lang='lat' dir='ltr'>capreolas</span> <span class='ocrx_word' id='word_1_56' title='bbox 1161 1172 1179 1254; x_wconf 67' lang='grc' dir='ltr'>ξ</span> <span class='ocrx_word' id='word_1_57' title='bbox 1196 1172 1225 1235; x_wconf 85' lang='grc'>5.</span> 
     </span>
    </p>

    <p class='ocr_par' dir='ltr' id='par_1_3' title="bbox 190 1290 1228 1987">
     <span class='ocr_line' id='line_1_8' title="bbox 234 1290 1224 1378; baseline -0.002 -20"><span class='ocrx_word' id='word_1_58' title='bbox 234 1290 426 1374; x_wconf 85' lang='grc' dir='ltr'><strong><em>ἀνερωτίζω</em></strong></span> <span class='ocrx_word' id='word_1_59' title='bbox 460 1291 500 1374; x_wconf 84' lang='lat' dir='ltr'>„i.</span> <span class='ocrx_word' id='word_1_60' title='bbox 532 1291 730 1378; x_wconf 76' lang='grc' dir='ltr'><strong><em>(ρ.ἀνερωτάν”</em></strong></span> <span class='ocrx_word' id='word_1_61' title='bbox 760 1292 881 1378; x_wconf 77' lang='lat' dir='ltr'>legitur</span> <span class='ocrx_word' id='word_1_62' title='bbox 913 1292 999 1378; x_wconf 89' lang='lat' dir='ltr'>apud</span> <span class='ocrx_word' id='word_1_63' title='bbox 1023 1291 1224 1357; x_wconf 80' lang='lat' dir='ltr'>Teleclidem</span> 
     </span>
     <span class='ocr_line' id='line_1_9' title="bbox 190 1413 1223 1502; baseline -0.003 -21"><span class='ocrx_word' id='word_1_64' title='bbox 190 1417 225 1481; x_wconf 91' lang='lat' dir='ltr'>iu</span> <span class='ocrx_word' id='word_1_65' title='bbox 258 1417 294 1481; x_wconf 86' lang='lat' dir='ltr'>fr.</span> <span class='ocrx_word' id='word_1_66' title='bbox 327 1417 379 1480; x_wconf 86' lang='grc'><strong>52.</strong></span> <span class='ocrx_word' id='word_1_67' title='bbox 404 1415 550 1481; x_wconf 83' lang='lat' dir='ltr'>Verbum</span> <span class='ocrx_word' id='word_1_68' title='bbox 575 1416 719 1496; x_wconf 81' lang='grc' dir='ltr'><strong><em>ἀνερωτάν</em></strong></span> <span class='ocrx_word' id='word_1_69' title='bbox 742 1427 793 1480; x_wconf 85' lang='lat' dir='ltr'>est</span> <span class='ocrx_word' id='word_1_70' title='bbox 816 1436 868 1502; x_wconf 90' lang='lat' dir='ltr'>ap.</span> <span class='ocrx_word' id='word_1_71' title='bbox 893 1415 990 1480; x_wconf 92' lang='lat' dir='ltr'>Hom.</span> <span class='ocrx_word' id='word_1_72' title='bbox 1018 1413 1077 1480; x_wconf 90' lang='lat' dir='ltr'>Od.</span> <span class='ocrx_word' id='word_1_73' title='bbox 1103 1416 1123 1476; x_wconf 83' lang='grc'>4</span> <span class='ocrx_word' id='word_1_74' title='bbox 1148 1416 1223 1478; x_wconf 86' lang='grc'><strong>251.</strong></span> 
     </span>
     <span class='ocr_line' id='line_1_10' title="bbox 190 1507 1225 1623; baseline -0.003 -20"><span class='ocrx_word' id='word_1_75' title='bbox 190 1538 275 1603; x_wconf 74' lang='lat' dir='ltr'>Pras.</span> <span class='ocrx_word' id='word_1_76' title='bbox 308 1507 395 1603; x_wconf 69' lang='lat' dir='ltr'>Mel.</span> <span class='ocrx_word' id='word_1_77' title='bbox 429 1537 472 1600; x_wconf 83' lang='lat'>84</span> <span class='ocrx_word' id='word_1_78' title='bbox 504 1534 535 1601; x_wconf 81' lang='lat' dir='ltr'>o.</span> <span class='ocrx_word' id='word_1_79' title='bbox 568 1536 624 1601; x_wconf 75' lang='lat' dir='ltr'>Ar.</span> <span class='ocrx_word' id='word_1_80' title='bbox 656 1538 745 1602; x_wconf 75' lang='lat' dir='ltr'>Prot.</span> <span class='ocrx_word' id='word_1_81' title='bbox 775 1539 849 1601; x_wconf 86' lang='lat'>499.</span> <span class='ocrx_word' id='word_1_82' title='bbox 876 1536 1044 1623; x_wconf 65' lang='lat' dir='ltr'>Demoph.</span> <span class='ocrx_word' id='word_1_83' title='bbox 1069 1537 1123 1599; x_wconf 72' lang='grc'>24.</span> <span class='ocrx_word' id='word_1_84' title='bbox 1150 1536 1225 1600; x_wconf 80' lang='lat' dir='ltr'>roa.</span> 
     </span>
     <span class='ocr_line' id='line_1_11' title="bbox 192 1656 1223 1745; baseline 0.002 -22"><span class='ocrx_word' id='word_1_85' title='bbox 192 1658 330 1724; x_wconf 87' lang='lat' dir='ltr'>Theoor.</span> <span class='ocrx_word' id='word_1_86' title='bbox 364 1660 392 1723; x_wconf 90' lang='lat' dir='ltr'>l.</span> <span class='ocrx_word' id='word_1_87' title='bbox 426 1660 479 1742; x_wconf 88' lang='lat'>81,</span> <span class='ocrx_word' id='word_1_88' title='bbox 511 1657 600 1723; x_wconf 90' lang='lat' dir='ltr'>alios.</span> <span class='ocrx_word' id='word_1_89' title='bbox 632 1657 780 1745; x_wconf 80' lang='lat' dir='ltr'>Simplex</span> <span class='ocrx_word' id='word_1_90' title='bbox 811 1656 929 1739; x_wconf 79' lang='grc' dir='ltr'><strong><em>ε’ρωτίζω</em></strong></span> <span class='ocrx_word' id='word_1_91' title='bbox 953 1657 1055 1723; x_wconf 83' lang='lat' dir='ltr'>habel</span> <span class='ocrx_word' id='word_1_92' title='bbox 1078 1656 1223 1743; x_wconf 85' lang='lat' dir='ltr'>Hesyoh.</span> 
     </span>
     <span class='ocr_line' id='line_1_12' title="bbox 191 1778 1226 1871; baseline -0.005 -26"><span class='ocrx_word' id='word_1_93' title='bbox 191 1780 268 1846; x_wconf 86' lang='lat' dir='ltr'>Alia</span> <span class='ocrx_word' id='word_1_94' title='bbox 287 1780 466 1871; x_wconf 87' lang='lat' dir='ltr'>composita</span> <span class='ocrx_word' id='word_1_95' title='bbox 490 1779 777 1867; x_wconf 87' lang='lat' dir='ltr'>praepositioualia</span> <span class='ocrx_word' id='word_1_96' title='bbox 791 1779 889 1843; x_wconf 90' lang='lat' dir='ltr'>huius</span> <span class='ocrx_word' id='word_1_97' title='bbox 905 1778 997 1845; x_wconf 81' lang='lat' dir='ltr'>verbi</span> <span class='ocrx_word' id='word_1_98' title='bbox 1015 1799 1080 1842; x_wconf 90' lang='lat' dir='ltr'>non</span> <span class='ocrx_word' id='word_1_99' title='bbox 1097 1782 1226 1842; x_wconf 74' lang='lat' dir='ltr'>extant.</span> 
     </span>
     <span class='ocr_line' id='line_1_13' title="bbox 191 1898 1228 1987; baseline -0.004 -20"><span class='ocrx_word' id='word_1_100' title='bbox 191 1901 415 1987; x_wconf 76' lang='lat' dir='ltr'>Compositum</span> <span class='ocrx_word' id='word_1_101' title='bbox 438 1898 596 1981; x_wconf 71' lang='grc' dir='ltr'><strong><em>ἀνερωτίζω</em></strong></span> <span class='ocrx_word' id='word_1_102' title='bbox 619 1922 639 1965; x_wconf 92' lang='lat' dir='ltr'>a</span> <span class='ocrx_word' id='word_1_103' title='bbox 661 1899 826 1966; x_wconf 85' lang='lat' dir='ltr'>Teleclide</span> <span class='ocrx_word' id='word_1_104' title='bbox 850 1900 962 1966; x_wconf 85' lang='lat' dir='ltr'>fictum</span> <span class='ocrx_word' id='word_1_105' title='bbox 986 1901 1116 1966; x_wconf 76' lang='lat' dir='ltr'>videtur</span> <span class='ocrx_word' id='word_1_106' title='bbox 1132 1900 1228 1964; x_wconf 83' lang='lat' dir='ltr'>iuxta</span> 
     </span>
    </p>
   </div>
   <div class='ocr_carea' id='block_1_3' title="bbox 193 2021 747 2107">
    <p class='ocr_par' dir='ltr' id='par_1_4' title="bbox 193 2021 747 2107">
     <span class='ocr_line' id='line_1_14' title="bbox 193 2021 747 2107; baseline -0.005 -19"><span class='ocrx_word' id='word_1_107' title='bbox 193 2023 328 2088; x_wconf 84' lang='lat' dir='ltr'>formam</span> <span class='ocrx_word' id='word_1_108' title='bbox 353 2021 520 2107; x_wconf 85' lang='lat' dir='ltr'>vulgarem</span> <span class='ocrx_word' id='word_1_109' title='bbox 542 2021 698 2098; x_wconf 82' lang='grc' dir='ltr'><strong><em>ἀνερωνάν.</em></strong></span> <span class='ocrx_word' id='word_1_110' title='bbox 745 2043 747 2047; x_wconf 72' lang='grc'>’</span> 
     </span>
    </p>
   </div>
   <div class='ocr_carea' id='block_1_4' title="bbox 115 2139 1236 4285">
    <p class='ocr_par' dir='ltr' id='par_1_5' title="bbox 115 2139 1236 4285">
     <span class='ocr_line' id='line_1_15' title="bbox 162 2139 1226 2229; baseline -0.005 -21"><span class='ocrx_word' id='word_1_111' title='bbox 162 2184 167 2189; x_wconf 83' lang='lat'><em>-</em></span> <span class='ocrx_word' id='word_1_112' title='bbox 237 2143 409 2221; x_wconf 75' lang='grc' dir='ltr'><strong><em>ἀνηδορεων</em></strong></span> <span class='ocrx_word' id='word_1_113' title='bbox 437 2164 522 2223; x_wconf 85' lang='lat' dir='ltr'>„nou</span> <span class='ocrx_word' id='word_1_114' title='bbox 547 2142 685 2229; x_wconf 89' lang='lat' dir='ltr'>amplius</span> <span class='ocrx_word' id='word_1_115' title='bbox 708 2139 831 2208; x_wconf 83' lang='lat' dir='ltr'>laetor’&#39;</span> <span class='ocrx_word' id='word_1_116' title='bbox 846 2141 968 2227; x_wconf 82' lang='lat' dir='ltr'>legitur</span> <span class='ocrx_word' id='word_1_117' title='bbox 984 2163 1035 2228; x_wconf 90' lang='lat' dir='ltr'>ap.</span> <span class='ocrx_word' id='word_1_118' title='bbox 1053 2141 1226 2228; x_wconf 89' lang='lat' dir='ltr'>Hermipp.</span> 
     </span>
     <span class='ocr_line' id='line_1_16' title="bbox 193 2262 1228 2348; baseline -0.004 -17"><span class='ocrx_word' id='word_1_119' title='bbox 193 2266 231 2331; x_wconf 84' lang='lat' dir='ltr'>fr.</span> <span class='ocrx_word' id='word_1_120' title='bbox 259 2269 314 2331; x_wconf 79' lang='lat'>77:</span> <span class='ocrx_word' id='word_1_121' title='bbox 349 2266 451 2331; x_wconf 72' lang='lat' dir='ltr'>olrll&#39;</span> <span class='ocrx_word' id='word_1_122' title='bbox 481 2263 576 2348; x_wconf 74' lang='grc' dir='ltr'><strong><em>ἥσθην,</em></strong></span> <span class='ocrx_word' id='word_1_123' title='bbox 598 2271 699 2330; x_wconf 70' lang='lat' dir='ltr'>scira</span> <span class='ocrx_word' id='word_1_124' title='bbox 722 2270 770 2330; x_wconf 82' lang='grc' dir='ltr'>νῦν</span> <span class='ocrx_word' id='word_1_125' title='bbox 793 2264 945 2342; x_wconf 74' lang='grc' dir='ltr'><strong><em>ἀνηδνμνω.</em></strong></span> <span class='ocrx_word' id='word_1_126' title='bbox 971 2264 1074 2330; x_wconf 87' lang='lat' dir='ltr'>Bekk.</span> <span class='ocrx_word' id='word_1_127' title='bbox 1099 2262 1228 2330; x_wconf 87' lang='lat' dir='ltr'>Aneod.</span> 
     </span>
     <span class='ocr_line' id='line_1_17' title="bbox 195 2382 1229 2470; baseline -0.007 -17"><span class='ocrx_word' id='word_1_128' title='bbox 195 2390 248 2453; x_wconf 82' lang='lat'>25.</span> <span class='ocrx_word' id='word_1_129' title='bbox 276 2389 333 2455; x_wconf 82' lang='lat'>19:</span> <span class='ocrx_word' id='word_1_130' title='bbox 370 2386 434 2452; x_wconf 76' lang='grc' dir='ltr'><strong><em>ἀντὶ</em></strong></span> <span class='ocrx_word' id='word_1_131' title='bbox 458 2391 508 2451; x_wconf 78' lang='grc' dir='ltr'>τοῦ</span> <span class='ocrx_word' id='word_1_132' title='bbox 532 2387 621 2451; x_wconf 77' lang='grc' dir='ltr'><strong><em>οὐκέθ’</em></strong></span> <span class='ocrx_word' id='word_1_133' title='bbox 645 2382 766 2470; x_wconf 71' lang='grc' dir='ltr'><strong><em>ἥδομαι,</em></strong></span> <span class='ocrx_word' id='word_1_134' title='bbox 790 2385 855 2450; x_wconf 78' lang='grc' dir='ltr'><strong><em>ἀντὶ</em></strong></span> <span class='ocrx_word' id='word_1_135' title='bbox 880 2390 930 2450; x_wconf 76' lang='grc' dir='ltr'>τοῦ</span> <span class='ocrx_word' id='word_1_136' title='bbox 954 2388 1005 2469; x_wconf 75' lang='grc' dir='ltr'>νην</span> <span class='ocrx_word' id='word_1_137' title='bbox 1029 2382 1229 2463; x_wconf 69' lang='grc' dir='ltr'>γεγενημένην</span> 
     </span>
     <span class='ocr_line' id='line_1_18' title="bbox 195 2489 1229 2589; baseline -0.001 -15"><span class='ocrx_word' id='word_1_138' title='bbox 195 2509 291 2586; x_wconf 70' lang='grc' dir='ltr'><strong><em>ἡδονὴν</em></strong></span> <span class='ocrx_word' id='word_1_139' title='bbox 306 2508 472 2588; x_wconf 81' lang='grc' dir='ltr'><strong><em>ἀπνρρίπτω</em></strong></span> <span class='ocrx_word' id='word_1_140' title='bbox 487 2509 538 2573; x_wconf 74' lang='lat' dir='ltr'>xci</span> <span class='ocrx_word' id='word_1_141' title='bbox 554 2508 755 2584; x_wconf 73' lang='lat' dir='ltr'>claro-sileam.</span> <span class='ocrx_word' id='word_1_142' title='bbox 767 2489 771 2495; x_wconf 24' lang='grc' dir='ltr'>Ι</span> <span class='ocrx_word' id='word_1_143' title='bbox 784 2507 961 2589; x_wconf 58' lang='lat' dir='ltr'>„miluom</span> <span class='ocrx_word' id='word_1_144' title='bbox 978 2508 1100 2573; x_wconf 85' lang='lat' dir='ltr'>comice</span> <span class='ocrx_word' id='word_1_145' title='bbox 1116 2507 1229 2573; x_wconf 74' lang='lat' dir='ltr'>fictum</span> 
     </span>
     <span class='ocr_line' id='line_1_19' title="bbox 197 2627 1226 2710; baseline -0.005 -13"><span class='ocrx_word' id='word_1_146' title='bbox 197 2653 267 2698; x_wconf 87' lang='lat' dir='ltr'>esse</span> <span class='ocrx_word' id='word_1_147' title='bbox 298 2631 428 2696; x_wconf 83' lang='lat' dir='ltr'>videtur</span> <span class='ocrx_word' id='word_1_148' title='bbox 459 2635 495 2694; x_wconf 82' lang='lat' dir='ltr'>ut</span> <span class='ocrx_word' id='word_1_149' title='bbox 526 2628 560 2693; x_wconf 76' lang='grc' dir='ltr'>τὸ</span> <span class='ocrx_word' id='word_1_150' title='bbox 591 2628 635 2692; x_wconf 70' lang='lat' dir='ltr'>ao</span> <span class='ocrx_word' id='word_1_151' title='bbox 659 2627 812 2700; x_wconf 69' lang='lat' dir='ltr'>exsiliis,</span> <span class='ocrx_word' id='word_1_152' title='bbox 837 2628 983 2698; x_wconf 79' lang='grc' dir='ltr'><strong><em>ννωδωωῶς</em></strong></span> <span class='ocrx_word' id='word_1_153' title='bbox 1009 2649 1052 2692; x_wconf 89' lang='lat' dir='ltr'>ex</span> <span class='ocrx_word' id='word_1_154' title='bbox 1075 2628 1226 2710; x_wconf 72' lang='grc' dir='ltr'>οὐδαμῶς,</span> 
     </span>
     <span class='ocr_line' id='line_1_20' title="bbox 195 2746 1225 2837; baseline -0.005 -18"><span class='ocrx_word' id='word_1_155' title='bbox 195 2752 260 2819; x_wconf 85' lang='lat' dir='ltr'>alia</span> <span class='ocrx_word' id='word_1_156' title='bbox 292 2751 326 2815; x_wconf 90' lang='lat' dir='ltr'>id</span> <span class='ocrx_word' id='word_1_157' title='bbox 357 2748 479 2835; x_wconf 67' lang='lat' dir='ltr'>genus&#39;</span> <span class='ocrx_word' id='word_1_158' title='bbox 512 2746 652 2837; x_wconf 65' lang='grc' dir='ltr'>(Κυρὶς.)</span> <span class='ocrx_word' id='word_1_159' title='bbox 689 2749 792 2830; x_wconf 85' lang='lat' dir='ltr'>„Quia</span> <span class='ocrx_word' id='word_1_160' title='bbox 816 2753 925 2814; x_wconf 84' lang='lat' dir='ltr'>tamen</span> <span class='ocrx_word' id='word_1_161' title='bbox 951 2771 1016 2814; x_wconf 91' lang='lat' dir='ltr'>nou</span> <span class='ocrx_word' id='word_1_162' title='bbox 1039 2750 1143 2825; x_wconf 75' lang='grc' dir='ltr'><strong><em>ἀνηδης</em></strong></span> <span class='ocrx_word' id='word_1_163' title='bbox 1168 2750 1225 2815; x_wconf 89' lang='lat' dir='ltr'>sed</span> 
     </span>
     <span class='ocr_line' id='line_1_21' title="bbox 197 2869 1227 2956; baseline -0.001 -20"><span class='ocrx_word' id='word_1_164' title='bbox 197 2870 285 2946; x_wconf 75' lang='grc' dir='ltr'><strong><em>ἀηδής</em></strong></span> <span class='ocrx_word' id='word_1_165' title='bbox 321 2891 435 2956; x_wconf 81' lang='lat' dir='ltr'>graece</span> <span class='ocrx_word' id='word_1_166' title='bbox 472 2869 606 2951; x_wconf 82' lang='lat' dir='ltr'>dicitur,</span> <span class='ocrx_word' id='word_1_167' title='bbox 642 2876 833 2955; x_wconf 86' lang='lat' dir='ltr'>expectares</span> <span class='ocrx_word' id='word_1_168' title='bbox 868 2871 991 2956; x_wconf 84' lang='lat' dir='ltr'>potius,</span> <span class='ocrx_word' id='word_1_169' title='bbox 1017 2871 1043 2934; x_wconf 93' lang='lat' dir='ltr'>si</span> <span class='ocrx_word' id='word_1_170' title='bbox 1068 2871 1227 2935; x_wconf 86' lang='lat' dir='ltr'>eiusmodi</span> 
     </span>
     <span class='ocr_line' id='line_1_22' title="bbox 197 2990 1230 3075; baseline -0.003 -19"><span class='ocrx_word' id='word_1_171' title='bbox 197 2994 288 3058; x_wconf 90' lang='lat' dir='ltr'>iocus</span> <span class='ocrx_word' id='word_1_172' title='bbox 312 2991 440 3075; x_wconf 82' lang='lat' dir='ltr'>subest,</span> <span class='ocrx_word' id='word_1_173' title='bbox 468 2990 612 3068; x_wconf 72' lang='grc' dir='ltr'><strong><em>ἀηδνμνω,</em></strong></span> <span class='ocrx_word' id='word_1_174' title='bbox 638 2994 711 3071; x_wconf 77' lang='lat' dir='ltr'>aut,</span> <span class='ocrx_word' id='word_1_175' title='bbox 737 2991 764 3053; x_wconf 88' lang='lat' dir='ltr'>si</span> <span class='ocrx_word' id='word_1_176' title='bbox 788 2991 872 3054; x_wconf 91' lang='lat' dir='ltr'>serio</span> <span class='ocrx_word' id='word_1_177' title='bbox 896 2990 1031 3054; x_wconf 89' lang='lat' dir='ltr'>verbum</span> <span class='ocrx_word' id='word_1_178' title='bbox 1056 2991 1230 3054; x_wconf 82' lang='lat' dir='ltr'>formatum</span> 
     </span>
     <span class='ocr_line' id='line_1_23' title="bbox 199 3110 1231 3198; baseline -0.001 -21"><span class='ocrx_word' id='word_1_179' title='bbox 199 3116 264 3189; x_wconf 84' lang='lat' dir='ltr'>est,</span> <span class='ocrx_word' id='word_1_180' title='bbox 280 3111 450 3195; x_wconf 77' lang='grc' dir='ltr'><strong><em>ἀφηδοριων;</em></strong></span> <span class='ocrx_word' id='word_1_181' title='bbox 467 3131 567 3197; x_wconf 89' lang='lat' dir='ltr'>quare</span> <span class='ocrx_word' id='word_1_182' title='bbox 583 3130 697 3176; x_wconf 81' lang='lat' dir='ltr'>vereor</span> <span class='ocrx_word' id='word_1_183' title='bbox 714 3131 755 3174; x_wconf 90' lang='lat' dir='ltr'>ue</span> <span class='ocrx_word' id='word_1_184' title='bbox 772 3110 951 3196; x_wconf 83' lang='lat' dir='ltr'>scripturae</span> <span class='ocrx_word' id='word_1_185' title='bbox 968 3111 1100 3198; x_wconf 83' lang='lat' dir='ltr'><strong>aliquod</strong></span> <span class='ocrx_word' id='word_1_186' title='bbox 1113 3113 1231 3178; x_wconf 82' lang='lat' dir='ltr'>vilium</span> 
     </span>
     <span class='ocr_line' id='line_1_24' title="bbox 199 3229 1232 3321; baseline -0.004 -22"><span class='ocrx_word' id='word_1_187' title='bbox 199 3235 428 3321; x_wconf 82' lang='lat' dir='ltr'>grammaticus</span> <span class='ocrx_word' id='word_1_188' title='bbox 467 3229 675 3319; x_wconf 87' lang='lat' dir='ltr'>imposueril&#39;’</span> <span class='ocrx_word' id='word_1_189' title='bbox 717 3230 1010 3319; x_wconf 85' lang='lat' dir='ltr'>(Herwerdenus);</span> <span class='ocrx_word' id='word_1_190' title='bbox 1049 3232 1089 3298; x_wconf 86' lang='lat' dir='ltr'>cf.</span> <span class='ocrx_word' id='word_1_191' title='bbox 1131 3233 1232 3297; x_wconf 81' lang='lat' dir='ltr'>etiam</span> 
     </span>
     <span class='ocr_line' id='line_1_25' title="bbox 115 3326 1232 3440; baseline -0.004 -20"><span class='ocrx_word' id='word_1_192' title='bbox 115 3326 117 3330; x_wconf 13' lang='grc' dir='ltr'><em>Α</em></span> <span class='ocrx_word' id='word_1_193' title='bbox 199 3355 344 3420; x_wconf 71' lang='grc' dir='ltr'><strong><em>ἀπεσθίειν</em></strong></span> <span class='ocrx_word' id='word_1_194' title='bbox 376 3385 416 3408; x_wconf 91' lang='lat'>=</span> <span class='ocrx_word' id='word_1_195' title='bbox 448 3358 489 3428; x_wconf 74' lang='grc' dir='ltr'>μη</span> <span class='ocrx_word' id='word_1_196' title='bbox 521 3356 619 3418; x_wconf 77' lang='grc' dir='ltr'><strong><em>ε’σάίενν</em></strong></span> <span class='ocrx_word' id='word_1_197' title='bbox 650 3375 701 3439; x_wconf 90' lang='lat' dir='ltr'>ap.</span> <span class='ocrx_word' id='word_1_198' title='bbox 734 3352 935 3440; x_wconf 80' lang='lat' dir='ltr'>Theopomp.</span> <span class='ocrx_word' id='word_1_199' title='bbox 960 3373 1041 3417; x_wconf 79' lang='lat' dir='ltr'>com.</span> <span class='ocrx_word' id='word_1_200' title='bbox 1067 3353 1104 3416; x_wconf 84' lang='lat' dir='ltr'>fr.</span> <span class='ocrx_word' id='word_1_201' title='bbox 1131 3355 1173 3416; x_wconf 86' lang='grc'><strong>62</strong></span> <span class='ocrx_word' id='word_1_202' title='bbox 1199 3359 1232 3418; x_wconf 81' lang='lat' dir='ltr'>et</span> 
     </span>
     <span class='ocr_line' id='line_1_26' title="bbox 200 3470 1231 3562; baseline -0.005 -21"><span class='ocrx_word' id='word_1_203' title='bbox 200 3476 328 3551; x_wconf 75' lang='grc' dir='ltr'><strong><em>ἀνηδνννς</em></strong></span> <span class='ocrx_word' id='word_1_204' title='bbox 368 3474 471 3562; x_wconf 88' lang='lat' dir='ltr'>(quod</span> <span class='ocrx_word' id='word_1_205' title='bbox 505 3495 572 3539; x_wconf 91' lang='lat' dir='ltr'>nou</span> <span class='ocrx_word' id='word_1_206' title='bbox 607 3474 664 3539; x_wconf 81' lang='lat' dir='ltr'>dat</span> <span class='ocrx_word' id='word_1_207' title='bbox 699 3473 875 3556; x_wconf 66' lang='lat' dir='ltr'>laepitiam,</span> <span class='ocrx_word' id='word_1_208' title='bbox 912 3470 1141 3559; x_wconf 83' lang='lat' dir='ltr'>iniucundum)</span> <span class='ocrx_word' id='word_1_209' title='bbox 1180 3494 1231 3559; x_wconf 89' lang='lat' dir='ltr'>ap.</span> 
     </span>
     <span class='ocr_line' id='line_1_27' title="bbox 201 3599 377 3685; baseline -0.017 -22"><span class='ocrx_word' id='word_1_210' title='bbox 201 3599 377 3685; x_wconf 87' lang='lat' dir='ltr'>sequiores.</span> 
     </span>
     <span class='ocr_line' id='line_1_28' title="bbox 245 3715 1234 3802; baseline -0.007 -17"><span class='ocrx_word' id='word_1_211' title='bbox 245 3720 455 3797; x_wconf 74' lang='grc' dir='ltr'><strong><em>ἀνηλεάριων</em></strong></span> <span class='ocrx_word' id='word_1_212' title='bbox 482 3717 748 3797; x_wconf 87' lang='lat' dir='ltr'>„immisericors”</span> <span class='ocrx_word' id='word_1_213' title='bbox 772 3716 893 3802; x_wconf 82' lang='lat' dir='ltr'>legitur</span> <span class='ocrx_word' id='word_1_214' title='bbox 915 3715 1002 3802; x_wconf 89' lang='lat' dir='ltr'>apud</span> <span class='ocrx_word' id='word_1_215' title='bbox 1019 3715 1234 3780; x_wconf 87' lang='lat' dir='ltr'>Nicocharem</span> 
     </span>
     <span class='ocr_line' id='line_1_29' title="bbox 200 3834 1233 3925; baseline -0.008 -19"><span class='ocrx_word' id='word_1_216' title='bbox 200 3842 235 3906; x_wconf 89' lang='lat' dir='ltr'>in</span> <span class='ocrx_word' id='word_1_217' title='bbox 266 3842 303 3906; x_wconf 80' lang='lat' dir='ltr'>l&#39;r.</span> <span class='ocrx_word' id='word_1_218' title='bbox 337 3841 398 3924; x_wconf 82' lang='lat'>20,</span> <span class='ocrx_word' id='word_1_219' title='bbox 429 3839 552 3913; x_wconf 73' lang='grc' dir='ltr'><strong><em>ἀνηλεής</em></strong></span> <span class='ocrx_word' id='word_1_220' title='bbox 585 3837 702 3925; x_wconf 81' lang='lat' dir='ltr'>(idem)</span> <span class='ocrx_word' id='word_1_221' title='bbox 727 3838 762 3901; x_wconf 89' lang='lat' dir='ltr'>in</span> <span class='ocrx_word' id='word_1_222' title='bbox 791 3836 862 3901; x_wconf 85' lang='lat' dir='ltr'>adv.</span> <span class='ocrx_word' id='word_1_223' title='bbox 887 3836 1013 3911; x_wconf 77' lang='grc' dir='ltr'><strong><em>ἀνηλεῶς</em></strong></span> <span class='ocrx_word' id='word_1_224' title='bbox 1038 3858 1087 3923; x_wconf 86' lang='lat' dir='ltr'>ap.</span> <span class='ocrx_word' id='word_1_225' title='bbox 1113 3834 1233 3900; x_wconf 81' lang='lat' dir='ltr'>Aesoh.</span> 
     </span>
     <span class='ocr_line' id='line_1_30' title="bbox 190 3956 1235 4044; baseline -0.009 -16"><span class='ocrx_word' id='word_1_226' title='bbox 190 3963 308 4028; x_wconf 53' lang='lat' dir='ltr'>”Prom</span> <span class='ocrx_word' id='word_1_227' title='bbox 344 3962 419 4026; x_wconf 88' lang='grc'><strong>240.</strong></span> <span class='ocrx_word' id='word_1_228' title='bbox 458 3960 543 4025; x_wconf 79' lang='lat' dir='ltr'>Plal.</span> <span class='ocrx_word' id='word_1_229' title='bbox 582 3959 684 4044; x_wconf 85' lang='lat' dir='ltr'>chg.</span> <span class='ocrx_word' id='word_1_230' title='bbox 722 3960 752 4022; x_wconf 90' lang='lat'>3.</span> <span class='ocrx_word' id='word_1_231' title='bbox 789 3959 852 4022; x_wconf 81' lang='grc'>697</span> <span class='ocrx_word' id='word_1_232' title='bbox 878 3956 909 4020; x_wconf 90' lang='lat' dir='ltr'>d.</span> <span class='ocrx_word' id='word_1_233' title='bbox 951 3956 1075 4022; x_wconf 81' lang='lat' dir='ltr'>Andos.</span> <span class='ocrx_word' id='word_1_234' title='bbox 1112 3959 1142 4020; x_wconf 82' lang='lat'>4.</span> <span class='ocrx_word' id='word_1_235' title='bbox 1181 3958 1235 4020; x_wconf 82' lang='lat'>39.</span> 
     </span>
     <span class='ocr_line' id='line_1_31' title="bbox 203 4047 1234 4167; baseline -0.006 -20"><span class='ocrx_word' id='word_1_236' title='bbox 203 4081 350 4167; x_wconf 82' lang='lat' dir='ltr'>Simplex</span> <span class='ocrx_word' id='word_1_237' title='bbox 374 4080 506 4158; x_wconf 75' lang='grc' dir='ltr'><strong><em>ἧλεήριων</em></strong></span> <span class='ocrx_word' id='word_1_238' title='bbox 531 4099 596 4144; x_wconf 91' lang='lat' dir='ltr'>non</span> <span class='ocrx_word' id='word_1_239' title='bbox 619 4047 749 4164; x_wconf 74' lang='lat' dir='ltr'>legitur,</span> <span class='ocrx_word' id='word_1_240' title='bbox 774 4078 904 4154; x_wconf 77' lang='grc' dir='ltr'><strong><em>ἐλεήμων</em></strong></span> <span class='ocrx_word' id='word_1_241' title='bbox 920 4083 971 4143; x_wconf 81' lang='lat' dir='ltr'>est</span> <span class='ocrx_word' id='word_1_242' title='bbox 986 4100 1037 4165; x_wconf 91' lang='lat' dir='ltr'>ap.</span> <span class='ocrx_word' id='word_1_243' title='bbox 1056 4078 1151 4142; x_wconf 94' lang='lat' dir='ltr'>Hom.</span> <span class='ocrx_word' id='word_1_244' title='bbox 1173 4077 1234 4145; x_wconf 84' lang='lat' dir='ltr'>od.</span> 
     </span>
     <span class='ocr_line' id='line_1_32' title="bbox 204 4198 1236 4285; baseline -0.004 -18"><span class='ocrx_word' id='word_1_245' title='bbox 204 4205 231 4267; x_wconf 85' lang='lat'>5.</span> <span class='ocrx_word' id='word_1_246' title='bbox 253 4204 332 4266; x_wconf 76' lang='lat'>191.</span> <span class='ocrx_word' id='word_1_247' title='bbox 357 4203 414 4269; x_wconf 88' lang='lat' dir='ltr'>Ar.</span> <span class='ocrx_word' id='word_1_248' title='bbox 446 4203 523 4267; x_wconf 90' lang='lat' dir='ltr'>Pac.</span> <span class='ocrx_word' id='word_1_249' title='bbox 555 4201 629 4265; x_wconf 83' lang='grc'><strong>425.</strong></span> <span class='ocrx_word' id='word_1_250' title='bbox 652 4200 728 4285; x_wconf 89' lang='lat' dir='ltr'>Lys.</span> <span class='ocrx_word' id='word_1_251' title='bbox 752 4201 805 4262; x_wconf 88' lang='grc'>24.</span> <span class='ocrx_word' id='word_1_252' title='bbox 832 4202 860 4283; x_wconf 79' lang='grc'>7,</span> <span class='ocrx_word' id='word_1_253' title='bbox 886 4199 986 4265; x_wconf 81' lang='lat' dir='ltr'>Arist.</span> <span class='ocrx_word' id='word_1_254' title='bbox 1012 4199 1054 4263; x_wconf 90' lang='lat' dir='ltr'>H.</span> <span class='ocrx_word' id='word_1_255' title='bbox 1081 4198 1121 4264; x_wconf 89' lang='lat' dir='ltr'>A.</span> <span class='ocrx_word' id='word_1_256' title='bbox 1147 4201 1181 4263; x_wconf 78' lang='grc'>9.</span> <span class='ocrx_word' id='word_1_257' title='bbox 1206 4201 1236 4283; x_wconf 90' lang='grc'>1,</span> 
     </span>
    </p>
   </div>
   <div class='ocr_carea' id='block_1_5' title="bbox 99 4319 1238 4407">
    <p class='ocr_par' dir='ltr' id='par_1_6' title="bbox 99 4319 1238 4407">
     <span class='ocr_line' id='line_1_33' title="bbox 99 4319 1238 4407; baseline -0.005 -18"><span class='ocrx_word' id='word_1_258' title='bbox 99 4376 105 4382; x_wconf 92' lang='grc'><strong>.</strong></span> <span class='ocrx_word' id='word_1_259' title='bbox 204 4325 294 4389; x_wconf 83' lang='lat' dir='ltr'>alios.</span> <span class='ocrx_word' id='word_1_260' title='bbox 319 4323 523 4388; x_wconf 80' lang='lat' dir='ltr'>Vocabulum</span> <span class='ocrx_word' id='word_1_261' title='bbox 548 4323 718 4398; x_wconf 76' lang='grc' dir='ltr'><strong><em>ἀνηλεημων</em></strong></span> <span class='ocrx_word' id='word_1_262' title='bbox 741 4321 898 4384; x_wconf 89' lang='lat' dir='ltr'>acomico</span> <span class='ocrx_word' id='word_1_263' title='bbox 917 4321 1131 4407; x_wconf 86' lang='lat' dir='ltr'>compositum</span> <span class='ocrx_word' id='word_1_264' title='bbox 1147 4319 1238 4385; x_wconf 86' lang='lat' dir='ltr'>vide·</span> 
     </span>
    </p>
   </div>
   <div class='ocr_carea' id='block_1_6' title="bbox 0 0 1443 4934">
    <p class='ocr_par' dir='ltr' id='par_1_7' title="bbox 0 0 1443 4934">
     <span class='ocr_line' id='line_1_34' title="bbox 0 0 1443 4934; baseline 0 0"><span class='ocrx_word' id='word_1_265' title='bbox 0 0 1443 4934; x_wconf 95' lang='lat' dir='ltr'> </span> 
     </span>
    </p>
   </div>
  </div>
 </body>
</html>
