2836 4934
681 1162 741 1263 Θ.

241 1455 425 1535 Θαλθμαξ
458 1478 588 1539 „remex
618 1458 652 1523 in
683 1459 748 1523 imo
777 1464 918 1524 transtro
943 1459 1080 1525 sedens'’
1104 1460 1226 1547 legitur

196 1581 280 1669 apud
313 1581 566 1669 Aristophanem
597 1582 632 1646 in
662 1582 747 1647 Rau.
771 1604 799 1648 ν.
827 1583 929 1648 1074ε
955 1585 987 1657 νὴ
1011 1581 1059 1648 πθν
1083 1581 1226 1648 Ἀπόλλω

195 1702 244 1768 καὶ
275 1701 464 1784 προσπαρδεῖν
495 1705 527 1779 γ’
559 1704 587 1775 ἐς
619 1703 651 1768 τὸ
681 1701 780 1781 πτθμα
806 1704 846 1785 τῷ
870 1701 1035 1780 θαλθμακι.
1059 1701 1150 1767 Idem
1175 1709 1227 1768 est

196 1821 283 1910 quod
305 1823 472 1901 θαλαμθπκς
496 1828 529 1889 ot
551 1823 705 1901 θαλθμιις.
730 1821 887 1901 Θαλθμαξ
911 1829 961 1890 est
983 1823 1087 1888 forma
1110 1845 1226 1889 seeun-

197 1945 286 2010 daria
316 1946 369 2010 vel
398 1945 506 2032 potius
534 1943 751 2025 deminutiva3
775 1945 1007 2012 vocabulorum
1031 1945 1145 2010 talium
1170 1945 1226 2010 de·

196 2066 385 2131 minutionis
409 2066 458 2130 vis
481 2066 567 2155 apud
591 2066 845 2154 Aristophanem
869 2067 926 2132 vix
949 2067 1143 2153 agnoscitur.
1176 2065 1225 2134 of.

195 2183 341 2268 σπθμφαξ
369 2186 456 2252 Nub.
492 2188 587 2252 1367.
620 2186 740 2270 σθρφαξ
765 2189 864 2276 Vesp.
889 2190 963 2253 673.
994 2187 1119 2264 πθσπαξ
1141 2188 1225 2256 Aah.

198 2307 273 2373 763.
296 2304 408 2384 βώμαξ
430 2327 479 2394 ap.
504 2306 678 2393 sequiores.
703 2305 839 2384 πλούταξ
861 2308 977 2395 Eupol.
994 2307 1029 2374 fr.
1049 2310 1121 2374 159.
1138 2307 1226 2385 λίθαξ

197 2452 247 2519 ap.
272 2429 427 2517 sequior,
451 2429 578 2494 similia.

242 2554 333 2618 Θασί
340 2576 360 2616 α
394 2551 533 2633 „Thasia
562 2549 683 2617 muria’'
711 2552 830 2638 legitur
854 2551 940 2638 apud
964 2552 1221 2639 Aristophanem

195 2675 229 2738 in
260 2673 342 2738 Aah.
374 2695 404 2738 v.
437 2675 518 2739 671:
550 2673 575 2737 oi
605 2672 634 2737 δὲ
667 2675 783 2738 Θασθαν
808 2673 971 2738 ἀνακυκῶσι
995 2671 1225 2754 λιπαράμπυκα.

197 2795 358 2883 Hesyoh.=
389 2796 428 2868 εἷς
458 2792 490 2870 ἣν
519 2794 581 2875 θψα
610 2796 764 2872 ὀπτώμενα
791 2795 932 2875 ἔβαπτιν.
970 2796 1018 2862 ef.
1042 2795 1121 2861 Ath.
1143 2783 1225 2863 'er

197 2916 305 2982 ereb.
330 2956 373 2965 —
396 2915 482 2982 Vide
512 2918 647 3004 praefat.
681 2916 781 3002 §33⁸
810 2918 982 2984 Servatum
1006 2922 1056 2983 est
1080 2923 1114 2982 et
1138 2915 1226 3004 apud

196 3037 365 3104 Cratinum
394 3038 428 3102 in
459 3038 495 3103 fr.
530 3040 567 3123 6,
591 3038 646 3125 qui
670 3038 828 3104 vocabulo
853 3059 930 3104 usus
954 3042 1003 3103 est
1027 3035 1068 3102 de
1090 3037 1225 3101 homine

198 3161 280 3226 salso
320 3165 353 3225 et
388 3161 487 3224 amari
517 3160 641 3246 ingenii
672 3161 851 3226 seeundum
883 3159 1043 3226 Meinek.:
1076 3155 1150 3232 εἶδες
1173 3161 1226 3234 τὴν

197 3282 313 3348 Θασίαν
335 3279 435 3359 ἅλμκν
457 3275 494 3344 οἷ’
517 3280 598 3345 ἄττα
620 3281 733 3363 βαΰζει.

241 3404 484 3482 θεαπρνπθλνς
523 3403 596 3490 „qui
628 3401 742 3468 sedilia
771 3403 806 3467 in
838 3425 937 3469 eavea
967 3402 1074 3468 looat'’
1104 3403 1226 3490 legitur

198 3524 283 3612 apud
303 3524 556 3611 Aristophanem
572 3523 660 3588 infr.
678 3525 752 3588 562.
768 3525 851 3589 Poll.
870 3527 898 3589 7.
919 3526 999 3590 199:
1025 3525 1226 3606 θεαπμπώλνς

197 3646 210 3710 ὁ
234 3643 299 3709 θέαν
322 3646 496 3720 ιθπιμισθῶν.
521 3643 613 3708 Idem
636 3643 766 3710 videtur
789 3665 861 3710 esse
884 3644 1038 3722 θεαπρθννι
1059 3645 1226 3731 Theophr.

197 3765 288 3832 Char.
316 3768 366 3830 11.
391 3766 491 3830 Plura
514 3764 692 3853 composita
715 3787 797 3831 eum.
824 3788 852 3830 v.
869 3763 980 3840 -πθλκς
998 3764 1089 3829 dabit
1105 3764 1226 3829 Pollux

199 3888 246 3978 (l.
273 3890 471 3972 leo-199).
495 3888 545 3953 De
570 3887 803 3975 compositione
828 3888 866 3954 of.
891 3887 1039 3968 θνρινπιιθ
1055 3936 1062 3953 .
1080 3925 1120 3936 -
1139 3888 1226 3953 Vide

196 4009 297 4097 praef.
320 4010 338 4093 ὅ
362 4009 431 4086 3β.

242 4129 397 4201 θεθθνπιις
432 4127 513 4210 „diis
543 4129 747 4213 immolatus,
781 4128 999 4194 saorifieatus’'
1032 4129 1161 4194 obviam
1188 4131 1227 4195 fit

197 4249 284 4338 apud
315 4249 484 4335 Cratinum
514 4249 548 4322 in
579 4249 616 4313 fr.
646 4251 721 4315 417.
743 4249 846 4315 Bekk.
870 4249 995 4317 Aneod.
1021 4250 1074 4315 42.
1100 4252 1160 4316 21:
1185 4254 1227 4316 πα
