2836 4934
566 387 567 391 Ἰ
621 314 790 362 THESRS.

677 540 738 631 rx,

238 771 336 873 soph.
361 784 446 850 Pon.
475 787 575 848 rore:

325 935 358 1003 οὗ
380 939 440 1018 γὰρ
464 934 594 1003 τοιούτων
618 937 679 1022 δεῖ,
702 936 827 1009 τοιοῦτός
851 938 909 1012 εἰμ’
932 935 1009 1013 ἐγώ·

325 1055 427 1138 χῶπου
448 1057 563 1122 δικαίων
586 1058 724 1134 κοὶγοοθῶν
745 1055 850 1136 ἀνδρῶν
872 1056 980 1135 κρίσις,

325 1181 374 1245 οὐκ
397 1177 433 1244 ἂν
458 1178 563 1257 adlicer
585 1202 642 1255 μου
665 1183 781 1257 μᾶλλον
804 1177 891 1244 οὐδέν’
916 1178 1035 1256 εὐσεβῆ.

192 1301 256 1366 Pro
280 1301 410 1367 τοιούτων
432 1301 507 1389 lege
530 1308 661 1382 πονηρῶν.

690 1594 792 1677 Χ..

236 1856 314 1921 Tac.
338 1854 426 1920 Anu.
451 1855 478 1920 Ι.
504 1856 564 1920 53:
595 1855 773 1944 Imperium
797 1854 937 1944 adeptus
962 1861 1144 1940 extorrem,
1176 1857 1225 1921 in-

193 1977 330 2060 famem,
352 1981 386 2041 et
402 1981 475 2063 post
490 1977 699 2042 interfectum
714 1978 908 2042 Postumum
923 1978 1103 2066 Agrippam
1121 1979 1224 2044 omnis

194 2099 262 2186 spei
295 2120 431 2186 egenam
462 2100 573 2187 inopia
603 2121 640 2165 ac
665 2100 741 2166 tabe
762 2101 862 2187 longa
878 2101 1032 2186 peremit,
1054 2100 1223 2166 obscuram

193 2220 262 2286 fore
286 2242 400 2286 necem
423 2221 664 2309 longinquitate
688 2222 778 2286 exilii
802 2227 901 2287 ratus.
981 2208 983 2212 ’

237 2343 348 2408 Verba
379 2343 637 2430 „longinquitate
662 2342 774 2408 exilii’‘
800 2363 866 2408 non
890 2341 930 2408 de
954 2343 1098 2407 locorum
1121 2343 1222 2409 inter-

193 2463 277 2528 vallo
301 2464 438 2548 (Ritter)
463 2463 520 2528 sed
545 2463 585 2529 de
602 2464 756 2552 temporis
773 2464 878 2551 spatio
894 2463 1118 2549 intellegenda
1134 2471 1219 2529 sunt.

678 2777 738 2842 XI.

235 3025 310 3089 Tac.
343 3023 431 3088 Anu.
465 3022 507 3086 ΙΙ.
541 3024 578 3086 5:
614 3020 661 3086 At
692 3022 719 3086 si
741 3032 838 3086 'mare
861 3022 1013 3103 intretur,
1039 3027 1221 3108 promptam

189 3144 267 3230 ipsis
292 3143 530 3230 possessionem
554 3147 588 3207 et
611 3141 759 3206 hostibus
783 3142 937 3227 ignotam.

238 3263 428 3350 „Ignotum”
453 3263 539 3350 apud
564 3262 722 3328 Orellium
746 3283 916 3349 perperam
940 3262 1123 3348 explicatur
1143 3263 1220 3344 „im-

189 3387 368 3472 provisam,
393 3381 655 3472 necopinatam”.

666 3689 744 3754 XII.

233 3938 309 4002 Tac.
339 3935 427 4001 Anu.
459 3935 519 4000 IV.
551 3936 610 3999 69:
646 3933 730 3998 Nam
762 3933 854 4016 loco,
882 3932 1036 4018 inquom
1061 3931 1219 4016 coibatur,

189 4055 348 4123 servanda
368 4054 552 4121 solitudinis
568 4054 683 4139 facies;
708 4060 742 4118 et
758 4054 785 4118 si
801 4074 886 4139 pone
903 4053 988 4117 fores
1004 4051 1218 4136 adsisterent,

188 4190 295 4248 metus
328 4183 415 4248 visus
447 4182 572 4246 sonitus
596 4186 653 4245 aut
675 4180 759 4245 forte
785 4185 874 4245 ortae
898 4180 1089 4266 suspicionis
1114 4185 1218 4244 erant.

236 4304 349 4370 Lectio
385 4302 532 4386 „metus”
564 4301 683 4366 codicis
705 4300 864 4366 Medicaei
888 4299 1045 4365 mutanda
1067 4321 1135 4365 non
1157 4305 1216 4366 cst.

847 4550 857 4585 t
