2836 4934
686 1176 743 1274 E.

242 1470 601 1552 Ἐγγλωττογοὶοτωο
625 1472 709 1553 πωροι
732 1472 799 1546 τοὺς
822 1471 1089 1555 ἕγχιιοογοὶοτοοοις
1105 1473 1232 1540 πέπωικ-

194 1617 245 1660 τοι
269 1591 418 1679 (schol.);
442 1592 702 1674 γλωττογοὶοτορες
726 1593 810 1675 πωροι
834 1600 893 1666 τοῖς
908 1601 1042 1672 κωμικοῖς
1061 1593 1086 1659 οἱ
1101 1595 1162 1660 οὶπὸ
1178 1602 1231 1670 τῆς

194 1713 332 1792 γλώττης
356 1712 487 1791 βιοῦντες
512 1712 790 1801 (Poll.11.108);
816 1709 1091 1791 ε’γγλωττογοὶοτωο
1104 1711 1231 1794 rapturi

194 1836 242 1902 διὰ
265 1835 403 1913 γλώττης
427 1835 476 1900 xci
501 1834 549 1900 διὰ
571 1833 667 1912 λόγων
690 1834 846 1918 τοέφεοθοιι
870 1833 992 1921 (Etym.
1009 1855 1050 1898 m.
1070 1834 1145 1899 309.
1163 1834 1230 1917 51).

196 1955 282 2021 Sunt
311 1954 412 2041 igitur
434 1954 458 2019 ii
481 1955 537 2042 qui
563 1954 696 2041 lingua,
719 1955 741 2019 i.
766 1975 794 2021 e.
818 1953 1097 2037 accusationibus,
1122 1954 1230 2019 cibum

195 2077 304 2142 ventri
337 2080 510 2162 quaerunt.
542 2074 680 2161 Legitur
710 2095 776 2141 vox
807 2074 894 2162 apud
917 2067 1172 2162 Aristophanem
1194 2074 1227 2138 in

194 2198 259 2263 Av.
292 2220 322 2266 v.
351 2198 435 2263 1696
468 2203 501 2263 et
528 2199 632 2263 1702:
656 2196 961 2278 ἐγγλωττογαστόρων
991 2197 1090 2280 γένος,
1118 2190 1144 2261 οἳ
1165 2220 1230 2277 που·

193 2326 267 2398 γῶπι
284 2327 349 2392 τοῖς
366 2318 541 2396 γλώττοιιοι.
562 2318 612 2387 Of.
629 2317 850 2401 Χειρογάστορες
867 2318 998 2386 fabulae
1013 2317 1230 2405 Nicophcntis

196 2440 311 2507 comici
335 2460 473 2524 nomen,
490 2440 747 2518 ἐγγλωττοτυπεῖν
762 2439 822 2528 uq.
840 2441 914 2506 782.
932 2438 1228 2520 Ἐγγλωττογοὲστωρ

194 2564 339 2651 pertinet
361 2561 403 2627 ad
427 2562 527 2650 praef.
551 2563 569 2648 ξ
589 2565 614 2630 1.

237 2685 561 2762 ἐγγλωττοτυπεῖν
605 2704 753 2772 „semper
790 2683 826 2748 in
861 2703 916 2749 ore
951 2683 1075 2751 habec'’
1109 2686 1230 2772 legitur

193 2805 282 2894 apud
306 2807 560 2894 Aristophanem
584 2808 618 2872 in
642 2807 701 2894 Eq.
726 2829 756 2872 v.
783 2809 864 2873 782:
895 2807 1012 2883 νινιὶοοις
1038 2811 1107 2886 ἡμῖν
1130 2808 1230 2886 μεγά-

192 2944 250 3001 λως
274 2929 534 3006 ἐγγλωττοτυπεῖν
557 2926 735 3009 ποοοὲδωκοος.
762 2925 974 3014 (οεμνυλογεῖν,
1000 2928 1045 2995 risi
1068 2927 1115 2992 ἐπὶ
1131 2927 1229 3006 γλώτ-

191 3074 244 3122 πνς
280 3047 370 3129 ἔχειν.
408 3048 540 3132 Schol.).
577 3048 625 3115 Of.
661 3048 956 3134 ἐγγλωττογοέοτωρ,
993 3050 1082 3117 verb.
1117 3073 1230 3128 γνωμο-

191 3176 306 3254 τυπεῖν,
331 3167 448 3235 adiect.
472 3169 673 3246 γνωμοτύπος.
697 3169 904 3235 Vocabulum
929 3175 979 3235 est
1001 3170 1088 3236 inter
1103 3191 1160 3254 ea,
1188 3168 1229 3235 de

191 3290 312 3378 quibus
336 3289 389 3375 egi
412 3289 547 3376 praefat.
572 3292 676 3374 §1033
701 3290 876 3355 formatum
901 3295 951 3355 cst
974 3311 1078 3360 avoc.
1097 3306 1229 3369 γλωττο-

178 3413 303 3496 cums,
328 3411 415 3499 qnod
439 3411 649 3498 cogitandum
674 3418 742 3497 est,
767 3418 801 3478 et
824 3390 932 3500 ipsum
949 3413 1164 3501 compositum
1180 3420 1231 3481 est

194 3532 254 3620 (sc.
281 3553 325 3598 ex
347 3537 473 3609 γλῶττοι
497 3537 531 3598 et
553 3532 697 3619 τύπτειν).

238 3653 511 3735 ἐγκοιθοιρμόζω
554 3653 727 3737 „inducero
751 3654 806 3737 in,
840 3654 989 3741 inaptarc
1023 3652 1076 3718 in”
1111 3654 1232 3742 legitur

200 3776 281 3862 apud
305 3777 560 3864 Aristophanem
584 3776 619 3841 in
642 3778 719 3863 Lys.
744 3800 774 3842 v.
800 3779 874 3842 681:
899 3779 929 3849 ἐς
952 3776 1121 3857 τετρημένον
1145 3776 1232 3854 ξύλον

205 3899 416 3980 recusamus
441 3899 547 3964 τουτονὶ
571 3899 620 3964 τὸν
645 3899 771 3980 οὐχὲνοι.
796 3897 975 3979 Κοθωρμόζω
991 3900 1157 3965 invenitur
1179 3923 1231 3988 ap.

208 4016 305 4107 linrip.
340 4020 440 4107 Hipp.
466 4022 540 4096 771,
572 4025 606 4087 et
636 4020 736 4087 Rhes.
762 4023 837 4086 767.
873 4019 958 4087 Vide
982 4021 1117 4108 praefat.
1155 4024 1230 4108 §b

210 4137 251 4204 cf.
274 4163 371 4229 comp.
394 4140 625 4224 ονγκοιθοιρμόζω
650 4163 700 4228 ap.
728 4141 826 4228 Soph.
850 4141 903 4206 Αἰ.
929 4143 1002 4208 905.

248 4261 423 4338 ἐγκοὶπτω
447 4262 522 4330 vide
547 4285 570 4329 s.
594 4285 624 4328 v.
649 4262 844 4343 ἐπεγκοὶπτω.
