2836 4934
269 313 356 359 XXIV
655 312 915 360 PRAEFATIO.

269 539 430 607 accedunt
464 539 505 605 ad
541 560 597 619 ea,
637 541 755 628 quibus
789 542 845 607 alii
879 541 1070 629 scriptores,
1107 543 1302 629 praesertim

268 661 457 750 pedestres,
481 662 532 727 usi
556 667 643 727 sunt.

314 784 353 848 In
377 783 571 849 formatione
595 788 629 850 et
652 783 887 871 compositione
911 786 1143 852 vocabulorum
1166 787 1304 853 comico·

268 929 340 973 rum
379 907 582 996 explicandis
618 907 811 994 opusculum
845 914 977 974 seoutus
1012 930 1083 974 sum
1118 908 1179 974 viri
1214 908 1304 975 docti

268 1029 401 1095 Vilelmi
424 1028 635 1094 Uclrermann
670 1028 730 1111 ,de
763 1028 993 1116 Aristophanis
1025 1029 1139 1095 comici
1162 1029 1304 1094 vocabu-

266 1150 374 1217 lorum
396 1151 591 1217 formatione
615 1156 649 1217 et
673 1150 931 1238 compositione”
947 1151 1145 1239 (Marpurgi,
1167 1152 1304 1240 sumpti-

267 1272 329 1338 bus
352 1272 393 1340 N.
418 1273 457 1341 G.
481 1272 767 1356 nlwerti‚1879).
802 1271 836 1337 Is
860 1277 987 1349 tamen,
1012 1278 1050 1338 ut
1072 1273 1137 1337 iam
1160 1293 1179 1338 e
1204 1274 1301 1338 titulo

268 1400 421 1482 apparet,
454 1396 558 1460 solum
590 1394 844 1482 Aristophanem
872 1388 1046 1478 tractavit,
1079 1394 1127 1458 ita
1158 1401 1195 1459 ut
1221 1396 1302 1461 mihi

267 1519 302 1582 in
325 1517 484 1584 vocabulo
506 1517 639 1604 reliquis
662 1517 817 1605 antiquae
838 1515 1025 1583 comoediae
1045 1516 1178 1583 Atticae
1194 1517 1301 1605 poetis

135 1639 138 1647 '
267 1639 397 1726 propria
419 1639 506 1704 illius
530 1638 613 1704 ratio
638 1637 865 1704 transferenda
889 1643 985 1703 esset.

313 1759 366 1826 Ad
398 1759 641 1826 diiudicandum
672 1765 782 1824 utrum
815 1759 1012 1824 comicorum
1036 1758 1166 1845 propria
1190 1765 1302 1824 essent

267 1882 426 1948 vocabula
456 1904 577 1966 necne,
608 1882 752 1947 lontibus
780 1881 972 1969 praesertim
996 1902 1073 1945 usus
1097 1902 1168 1945 sum
1191 1880 1299 1947 lexico

268 2003 404 2069 Henrioi
428 2003 604 2091 Stephani,
628 2025 648 2069 a
670 2001 839 2068 Diodorfio
856 2000 962 2086 edito,
986 2001 1101 2067 lexicis
1117 2003 1301 2084 veteribus,

269 2123 360 2188 velut
396 2123 557 2206 Pollucis,
598 2121 736 2200 Suidae,
775 2123 904 2205 Photii,
945 2122 1097 2202 aliorum,
1133 2124 1299 2210 opusculis

269 2245 378 2333 qualia
415 2251 492 2310 suut
528 2244 672 2310 Bekkeri
713 2244 899 2327 Aneodota,
939 2244 1115 2327 similibus,
1156 2243 1299 2333 denique

269 2369 373 2433 omnis
403 2369 532 2454 generis
562 2367 706 2451 indiciis,
738 2367 935 2455 ubicumque
964 2365 1104 2432 inveniri
1134 2367 1299 2454 poterant.

268 2490 445 2555 Praeterea
474 2489 614 2555 multum
645 2489 724 2553 mihi
753 2488 946 2576 profuerunt
978 2486 1140 2554 editiones
1171 2488 1298 2554 Aristo·

267 2611 384 2699 phanis
400 2613 540 2677 virorum
558 2610 726 2676 doctorum
743 2609 908 2676 Frederici
923 2608 1066 2696 Blaydes
1083 2616 1116 2674 et
1133 2609 1297 2676 Theodori

266 2734 378 2811 Koch,
410 2736 545 2824 eiusque
576 2757 657 2823 opus
688 2734 774 2823 quod
799 2735 1035 2819 Fragmenta
1063 2733 1300 2798 comicorum

268 2858 490 2923 Atticorum
513 2859 710 2924 inscribitur.
