2836 4934
625 288 756 354 Ἕλκεον.
1150 293 1212 355 119

181 529 282 595 Hom.
306 539 333 594 A
350 529 424 594 389.
450 529 578 595 Adieot.
602 527 666 608 ἕλιξ
688 529 785 597 Hom.
804 542 829 596 Σ
850 533 924 596 401.
950 531 1048 620 Seph.
1065 533 1118 599 Αἰ.
1136 537 1211 600 367.

181 651 320 717 Theoor.
346 653 399 720 25.
428 654 501 736 127,
525 653 566 718 al.
593 653 702 719 Subst.
726 652 891 735 βόστρυχος
915 654 1034 722 Aesoh.
1059 656 1118 723 Oh.
1138 659 1210 722 166.

179 773 238 838 Ar.
262 773 349 838 Nub.
375 775 448 839 536.
472 775 550 840 Lue.
573 774 672 842 Deor.
697 774 728 840 d.
753 777 782 840 2.
807 779 826 840 2
851 782 974 864 etseq.
1010 778 1060 843 De
1083 799 1211 866 oompo·

180 896 302 962 sitione
326 896 363 962 oi.
386 896 561 975 βαθύκομοο.
583 898 788 964 Vocabulum
805 899 846 964 ab
865 898 1084 986 Aristophane
1099 900 1211 966 fiotum

182 1017 317 1083 videtur
336 1017 377 1083 ad
394 1020 579 1105 exemplum
595 1023 765 1106 poetarum
781 1020 961 1107 epicorum,
979 1021 1016 1086 ei.
1032 1021 1131 1109 praef.
1149 1021 1209 1111 58.

224 1137 344 1205 ἕλκειν
367 1138 408 1206 de
424 1140 635 1206 concitatiore
652 1161 772 1226 genere
788 1141 971 1206 saltationis
987 1142 1108 1229 legitur
1123 1141 1210 1229 apud

178 1259 435 1346 Aristophanem
464 1259 499 1323 in
529 1260 615 1325 Nub.
648 1283 677 1326 v.
712 1262 792 1327 54οε
830 1260 969 1344 „adpiux'
992 1258 1150 1349 εἱλκνσεν”,
1177 1269 1210 1328 et

179 1381 257 1447 Pae.
274 1402 305 1447 v.
324 1381 406 1445 328:
434 1377 481 1463 ,,ἓν
497 1380 551 1458 μὲν
564 1377 611 1446 οὖν
626 1382 708 1446 τουτί
722 1383 756 1458 μ’
775 1379 859 1447 ἔασον
874 1382 995 1449 ἑλκύσαι
1011 1383 1060 1449 καὶ
1077 1382 1210 1461 μννέτο”.

179 1503 258 1568 Vox
281 1502 424 1589 pertinet
447 1501 488 1569 ad
513 1501 600 1568 dieta
622 1503 657 1568 in
680 1503 816 1590 praefat.
841 1503 858 1593 ᾗ
883 1505 943 1568 3ο.

224 1623 441 1706 ἕλκετρίβον
477 1625 550 1712 „qui
581 1625 716 1711 pallium
748 1622 865 1689 trahit’'
891 1630 941 1690 est
964 1647 1014 1718 ap.
1037 1626 1210 1693 Platonem

178 1744 216 1809 fr.
245 1746 324 1823 124,
348 1766 380 1810 v.
404 1748 442 1830 23
467 1749 517 1810 est
536 1765 656 1810 nomen
672 1746 794 1811 oomioe
810 1745 922 1811 fietnm
938 1745 978 1811 ad
996 1746 1209 1814 deridendum

179 1866 475 1933 Lacedaemonium
494 1865 665 1953 quendam.
683 1866 730 1932 Of.
748 1867 906 1954 Aspasins
923 1868 1088 1935 Aristotel.
1102 1870 1208 1938 Ethie.

180 1988 304 2054 Nieom.
330 1989 360 2052 4.
386 1990 422 2053 7:
451 1990 487 2070 „ri
508 1993 563 2052 τῶν
585 1986 728 2054 Λακώνων
751 1989 832 2064 ἐσθὴς
857 1992 977 2063 εὐτελῆς
1003 1987 1084 2066 ἄγαν
1162 1992 1210 2059 διὰ

180 2116 279 2177 ταῦτα
298 2109 347 2176 καὶ
371 2109 548 2175 σκώπτουσιν
571 2111 675 2182 αὐτοὺς
699 2112 722 2176 οἱ
738 2110 969 2192 κωμῳδοοτονοί”.
992 2111 1091 2196 (Vide
1107 2115 1208 2199 praef.

180 2235 197 2318 ἓ
222 2232 300 2322 1γ).
326 2232 373 2298 Ol.
399 2232 560 2312 ἑλκεχίτων
584 2230 679 2297 Hom.
703 2241 742 2297 N.
765 2234 838 2297 685.
856 2232 1065 2306 ἑλκεσίτετλος
1083 2245 1105 2298 Ζ
1123 2236 1207 2320 442,

181 2358 261 2430 ete„
286 2356 323 2416 ut
346 2352 481 2418 verbnm
504 2349 598 2417 ἕλκειν
621 2352 661 2418 de
685 2353 790 2440 longis
814 2355 1018 2419 vestimentis
1041 2357 1206 2443 proprium

180 2480 245 2559 est,
278 2474 317 2540 ef.
349 2473 493 2552 θοίμάτιον
514 2470 607 2539 ἕλκειν
629 2496 680 2561 ap.
705 2474 861 2561 Arohipp.
886 2475 929 2538 Π.
957 2478 1036 2561 728,
1060 2477 1206 2556 χλανίδας

179 2596 267 2662 ἕλκων
300 2596 432 2663 Anaxil.
457 2597 518 2661 III.
543 2591 640 2681 345,Ι
655 2597 741 2663 unde
770 2598 876 2663 faeeta
903 2599 1116 2666 translatione
1141 2600 1205 2667 Eu·

179 2717 260 2803 polis
283 2717 319 2781 Π
344 2718 408 2782 464
440 2716 524 2781 dixit
554 2716 689 2798 μεοροὶκοα
720 2720 749 2782 ἐν
780 2725 838 2784 τοῖν
864 2726 982 2802 σφοροῖν
1008 2717 1135 2788 ἕλκοντα
1154 2725 1206 2798 τὴν

180 2839 369 2920 στρατηγίαν.

221 2959 445 3041 ἕλλομενίζσ
480 2960 678 3048 „portorium
709 2960 828 3047 exigo”
860 2962 981 3048 legitur
1004 2963 1091 3051 apud
1115 2966 1205 3031 Aris·

181 3080 354 3168 tophanem
384 3081 418 3144 in
449 3080 486 3145 fr.
519 3081 594 3144 455.
626 3080 724 3168 Apud
757 3082 921 3168 aequiores
949 3084 1084 3149 verbum
1108 3086 1205 3172 signi·

179 3202 253 3267 fieat
287 3202 340 3284 „in
370 3205 466 3288 portu
490 3201 581 3267 esse'’
607 3202 661 3267 vel
687 3202 740 3282 „in
763 3209 891 3289 portum
914 3203 1055 3270 venire''.
1081 3203 1205 3294 (Τὸ)ἕλ-

178 3323 299 3402 λιμένοον
331 3321 541 3412 (portorium)
574 3329 624 3388 est
647 3345 697 3411 ap.
722 3323 838 3411 Eupol.
862 3325 898 3390 fr.
924 3327 976 3392 48.
1004 3325 1102 3395 Arist.
1127 3330 1203 3395 Oee.

179 3446 207 3510 2.
232 3447 284 3510 22.
309 3444 423 3532 Polyb.
450 3446 502 3511 31.
529 3448 558 3509 ’1.
587 3445 626 3508 12
651 3474 691 3498 =
709 3447 742 3508 τὸ
758 3446 936 3523 ε’λλομενοκὸν
951 3445 1033 3520 τέλος
1050 3470 1101 3535 ap.
1118 3448 1203 3513 Plat.
1285 3424 1288 3430 Ι

179 3567 259 3655 Rep.
286 3568 316 3630 4.
342 3566 449 3633 4251).
475 3566 523 3632 cf.
547 3567 748 3643 ἔλλομενοστής
771 3551 917 3653 (portarii
934 3568 1084 3658 exactor)
1109 3571 1202 3636 Dem.

181 3691 234 3769 34,
261 3689 312 3753 34.
335 3688 414 3754 Veri
438 3688 541 3753 simile
565 3693 615 3753 est
638 3688 772 3753 verbum
797 3688 964 3771 ε’λλομενίζσ
981 3692 1145 3778 pertinere
1163 3691 1203 3758 ad

182 3809 263 3877 diota
286 3808 386 3896 praef.
410 3811 428 3893 ξ
452 3810 512 3872 31.

220 3928 401 4009 ε’μβοὶδοον
443 3930 607 4013 „ealeeus,
647 3928 757 3995 solee’'
796 3930 916 4015 legitur
954 3930 1039 4017 apud
1079 3931 1204 3996 Aristo·

181 4052 316 4138 planem
339 4051 374 4115 in
397 4049 482 4115 Plut.
507 4072 536 4114 v.
554 4052 629 4116 847.
648 4052 722 4116 941.
740 4050 839 4137 Vesp.
857 4072 886 4115 v.
905 4053 986 4116 600:
1004 4051 1052 4115 τὸν
1068 4050 1203 4132 σφόγγον

182 4171 251 4253 ἔχων
282 4173 314 4236 ἐκ
342 4177 395 4244 τῆς
427 4168 549 4245 λεκάνης
580 4170 725 4247 τάμβάδι’
759 4173 837 4246 ἡμῶν
868 4178 1022 4248 τεροκανεῖ.
1049 4172 1203 4237 Deminu-

181 4293 278 4360 tivum
302 4298 352 4359 est
375 4292 485 4358 vooab.
511 4291 627 4376 ἐμβάς,
651 4290 738 4378 quod
757 4291 922 4356 invenitur
938 4291 1060 4357 Herod.
1082 4295 1108 4357 1.
1128 4295 1201 4359 195.
