2836 4934
565 311 776 387 Ψκφολογείον.
1123 307 1187 369 355

197 555 441 632 ψκφολογεῑον
479 550 611 628 „tabula
647 551 823 616 aleatoria’'
859 552 978 637 legitur
1014 553 1182 641 Aristoph.

153 671 192 735 fr.
218 673 298 736 348:
324 671 427 737 ἐκδότω
450 670 480 738 δέ
503 697 547 744 τις
573 673 622 737 καί
646 680 844 757 ψηφολονεῖον
867 671 918 738 ὦδε
942 674 991 738 καί
1017 676 1107 756 δίφροι
1129 675 1203 764 δύο.Ι

152 802 341 876 Ψκφολογεῑν
364 802 539 883 usurpetur
563 796 603 862 de
620 798 821 884 praestigiis,
846 798 886 863 de
909 805 978 865 arte
995 800 1185 887 praestigia·

153 917 249 1002 toris,
282 917 367 982 sieut
389 917 452 983 adi.
476 919 677 1000 ψκψολογιαδς
706 942 757 1006 ap.
783 921 936 998 seriores,
960 921 1062 986 subst.
1086 929 1187 1004 ψυφο·

150 1041 240 1118 λόγος
259 1043 541 1129 :praestigiator
565 1065 616 1131 sp.
642 1043 749 1123 Suid„
775 1043 831 1109 sed
856 1045 954 1110 etism
979 1044 1020 1110 de
1037 1044 1185 1112 faciendo

152 1181 251 1247 opere
287 1162 469 1240 tessellato,
505 1162 545 1230 ef.
578 1163 787 1246 ψηφολίνκμα
821 1165 917 1259 (epus
947 1163 1184 1250 tessellatum),

151 1283 328 1366 ψηφολονία
367 1284 482 1368 (subet.
522 1283 640 1366 verb.)‚
678 1282 852 1367 ψκφολίνος
891 1282 964 1372 (qui
1002 1284 1067 1381 tele
1103 1306 1185 1370 opus
1302 1284 1306 1290 ’

150 1404 261 1493 facit),
297 1427 347 1492 ap.
384 1406 530 1470 seriores.
564 1406 721 1471 Attamen
753 1426 827 1470 eum
863 1405 997 1471 notione
1032 1407 1183 1486 „tabulae

152 1523 349 1590 aleatorise''
382 1524 469 1589 vocis
500 1531 697 1604 ψκψολονείον
721 1525 801 1590 haee
827 1525 985 1590 voeabula
1009 1527 1183 1592 convenire

154 1668 219 1711 non
243 1646 405 1712 videntur.
431 1648 578 1735 Simplex
600 1655 713 1723 λογεῖον
736 1654 787 1713 est
809 1649 971 1736 pulpitum
995 1649 1029 1713 in
1056 1648 1183 1714 theatro

152 1769 302 1835 Romano
333 1770 369 1834 in
392 1791 456 1857 quo
481 1776 583 1856 agunt
608 1771 790 1836 histriones.
818 1811 857 1819 -
883 1771 929 1836 cf.
955 1771 1056 1859 praef.
1081 1774 1097 1856 ξ
1123 1772 1182 1837 30.

194 1891 427 1971 toloneariis
456 1855 629 1972 „iaetantia
651 1889 777 1956 inanis’'
800 1893 921 1977 legitur
944 1892 1000 1956 Ar.
1023 1892 1083 1979 llq.
1101 1894 1182 1957 696:

153 2009 236 2086 ἥσίκν
266 2012 424 2097 οίπειλαίς,
455 2011 590 2088 ἐγέλασα
618 2013 841 2092 ψολοκομπίαις.
873 2014 1062 2078 Formatum
1090 2019 1140 2078 est
1165 2036 1184 2078 a

153 2154 220 2199 voe.
245 2137 335 2215 ψίλος
353 2167 393 2191 =
411 2135 516 2213 αίίοίλκ
542 2169 582 2193 =
600 2137 701 2223 fuligo
719 2143 753 2204 et
768 2138 889 2213 κόμπος.
906 2135 999 2211 Ψίλος
1015 2118 1180 2202 invenitur

153 2254 271 2321 Aeseh.
307 2256 345 2323 fr.
382 2260 441 2341 22,
473 2256 583 2334 αι’μπος
617 2259 756 2347 saepius.
790 2259 915 2324 schol:
948 2257 1179 2340 αίίαλοκομπίοι,

151 2379 377 2463 μεγαληγορία,
410 2377 530 2452 καπνός.
564 2379 611 2446 Of.
644 2380 742 2445 etiam
773 2379 887 2458 ψολόεις
918 2401 969 2464 ap.
998 2379 1095 2444 Hom.
1121 2377 1179 2444 Od.

152 2500 204 2564 23.
230 2502 295 2564 330
318 2506 395 2585 ete,
428 2500 605 2578 κομπασμίς
637 2533 678 2557 =
711 2476 866 2566 iactantis
896 2502 984 2567 Plut.
1013 2501 1092 2566 Sull.
1121 2504 1179 2586 16,

151 2623 320 2701 κόμπασμα
351 2621 466 2711 (idem)
500 2623 619 2691 Aeseh.
651 2624 759 2690 Prom.
793 2626 866 2688 361.
902 2623 990 2711 Sept.
1023 2624 1096 2688 776.
1122 2623 1178 2690 Αι.

151 2740 234 2807 Ran.
271 2745 351 2820 940,
388 2722 574 2820 κομπολονία
610 2767 659 2832 ap.
698 2744 806 2828 Suis,
842 2744 1094 2825 κομπορρκμοσιίνκ
1127 2767 1179 2833 ap.

151 2865 294 2929 seriores.
320 2904 353 2912 —
386 2864 472 2931 Vide
496 2866 631 2953 praefat.
656 2869 673 2949 ξ
700 2869 765 2942 ly.

191 2989 436 3066 ψυχορροφεῑν
471 2985 601 3063 „vinum
632 2985 857 3070 refrigeratum
886 2984 1035 3051 sorbere'’
1060 2987 1179 3072 legitur

150 3104 276 3170 Platon.
308 3105 344 3169 fr.
369 3107 443 3170 259.
475 3105 580 3170 Bekk.
604 3104 729 3171 Aneed.
757 3109 808 3172 73.
834 3107 895 3170 25:
920 3108 933 3171 ὁ
956 3106 1083 3172 Πλοίτυν
1105 3107 1176 3178 ίδίυς

148 3222 195 3286 ἐπί
224 3221 295 3288 οἴνου
326 3223 373 3288 διὰ
402 3231 519 3305 ψυχροῦ
548 3225 695 3304 πινομένου
718 3226 842 3310 τίίνσιν,
868 3227 924 3291 ubi
948 3227 1046 3292 etiam
1071 3248 1089 3292 e
1114 3233 1177 3292 tra·

148 3344 264 3430 goedia
298 3351 475 3410 annotatur
510 3347 599 3411 notio
631 3349 682 3422 τὴν
712 3349 814 3429 ψυχὴν
845 3349 973 3431 ἐκροφιῖν
1005 3347 1052 3411 διὰ
1082 3355 1176 3413 κακῶν

149 3466 315 3547 παρουσίαν.
342 3505 381 3514 -
407 3467 492 3533 Vide
517 3468 652 3554 praefat.
678 3470 695 3553 ξ
719 3469 789 3544 M.

190 3586 292 3669 ψῶζα
322 3587 452 3653 videtur
484 3610 554 3654 esse
590 3590 752 3676 „pruritus
784 3611 856 3654 eum
887 3587 1030 3655 foetore'’
1058 3590 1173 3678 Eupol.

147 3708 183 3773 fr.
219 3711 297 3773 191:
334 3705 362 3781 ὃς
398 3711 525 3787 ίυμνίνας
557 3717 616 3781 τοῖς
648 3710 838 3786 στρατιώταις
868 3710 966 3786 λοιμον
993 3708 1043 3772 καί
1074 3710 1175 3791 ψῶζαν

146 3828 290 3911 ἔπεμψεν.
321 3831 418 3895 Phot.
451 3837 484 3897 et
516 3831 624 3896 Suis:
649 3830 734 3913 ψιῖιζα
758 3830 835 3902 νίσος
860 3855 921 3913 τις,
945 3831 1070 3906 κνκσμὸς
1095 3832 1175 3909 μετα

146 3949 293 4023 δυσωδίας.
319 3950 426 4033 Ψοίιζος
451 3973 501 4038 ap.
527 3951 728 4039 Hesychium
753 3956 802 4016 est
818 3949 925 4033 ίοψοδος
942 3951 1032 4031 ὑγροὶ,
1051 3951 1067 4025 ἢ
1083 3949 1172 4026 ίνίος,

147 4069 284 4140 δυσαδία·
308 4073 332 4136 οί
356 4070 384 4135 δὲ
409 4072 528 4152 αὐχμὸν
552 4073 569 4147 ἢ
592 4070 752 4155 μίλυσμα,
778 4078 811 4137 et
836 4094 904 4138 voe.
928 4071 1007 4151 ψιίια
1031 4073 1173 4160 explieat

148 4192 246 4275 σαπρὰ
268 4193 400 4259 irretita.
427 4194 474 4260 Of.
499 4192 583 4274 ψώρα
608 4194 777 4280 Hermipp.
802 4193 839 4257 fr.
865 4195 926 4276 63,
952 4196 980 4259 7.
997 4194 1172 4281 Phrynieh.

150 4313 199 4380 26.
224 4315 304 4382 Her.
329 4317 358 4378 4.
385 4317 437 4380 90.
463 4316 546 4380 Plat.
572 4313 656 4379 Phil.
681 4316 722 4378 46
736 4335 764 4378 a.
