<?xml version="1.0" encoding="UTF-8"?>
<!DOCTYPE html PUBLIC "-//W3C//DTD XHTML 1.0 Transitional//EN"
    "http://www.w3.org/TR/xhtml1/DTD/xhtml1-transitional.dtd">
<html xmlns="http://www.w3.org/1999/xhtml" xml:lang="en" lang="en">
 <head>
  <title>
</title>
<meta http-equiv="Content-Type" content="text/html;charset=utf-8" />
  <meta name='ocr-system' content='tesseract 3.04.00' />
  <meta name='ocr-capabilities' content='ocr_page ocr_carea ocr_par ocr_line ocrx_word'/>
</head>
<body>
  <div class='ocr_page' id='page_1' title='image "./devocabulisanti01junggoog_0117.png"; bbox 0 0 2836 4934; ppageno 0'>
   <div class='ocr_carea' id='block_1_1' title="bbox 187 280 800 359">
    <p class='ocr_par' dir='ltr' id='par_1_1' title="bbox 187 280 800 359">
     <span class='ocr_line' id='line_1_1' title="bbox 187 280 800 359; baseline 0.005 -12"><span class='ocrx_word' id='word_1_1' title='bbox 187 286 229 347; x_wconf 88' lang='lat'><strong>86</strong></span> <span class='ocrx_word' id='word_1_2' title='bbox 614 280 800 359; x_wconf 79' lang='grc' dir='ltr'><em>Δελεούοτρα.</em></span> 
     </span>
    </p>
   </div>
   <div class='ocr_carea' id='block_1_2' title="bbox 187 526 1231 3890">
    <p class='ocr_par' dir='ltr' id='par_1_2' title="bbox 187 526 1221 2070">
     <span class='ocr_line' id='line_1_2' title="bbox 232 526 1221 614; baseline 0.002 -22"><span class='ocrx_word' id='word_1_3' title='bbox 232 526 431 605; x_wconf 86' lang='grc' dir='ltr'><em>δελεύοτρα</em></span> <span class='ocrx_word' id='word_1_4' title='bbox 461 527 534 592; x_wconf 78' lang='lat' dir='ltr'><strong>fem.</strong></span> <span class='ocrx_word' id='word_1_5' title='bbox 566 527 648 613; x_wconf 80' lang='lat' dir='ltr'><strong>sing.</strong></span> <span class='ocrx_word' id='word_1_6' title='bbox 675 526 761 614; x_wconf 91' lang='lat' dir='ltr'><strong>apud</strong></span> <span class='ocrx_word' id='word_1_7' title='bbox 785 527 954 593; x_wconf 77' lang='lat' dir='ltr'><strong>Cratinum</strong></span> <span class='ocrx_word' id='word_1_8' title='bbox 977 529 1011 592; x_wconf 94' lang='lat' dir='ltr'><strong>in</strong></span> <span class='ocrx_word' id='word_1_9' title='bbox 1035 528 1070 592; x_wconf 86' lang='lat' dir='ltr'><strong>fr.</strong></span> <span class='ocrx_word' id='word_1_10' title='bbox 1095 530 1160 592; x_wconf 90' lang='grc'><strong>216</strong></span> <span class='ocrx_word' id='word_1_11' title='bbox 1185 534 1221 594; x_wconf 93' lang='lat' dir='ltr'><strong>et</strong></span> 
     </span>
     <span class='ocr_line' id='line_1_3' title="bbox 187 649 1220 738; baseline -0.001 -23"><span class='ocrx_word' id='word_1_12' title='bbox 187 650 387 728; x_wconf 80' lang='grc' dir='ltr'><em>δελέαοτρα</em></span> <span class='ocrx_word' id='word_1_13' title='bbox 422 654 527 714; x_wconf 91' lang='lat' dir='ltr'><strong>neutr.</strong></span> <span class='ocrx_word' id='word_1_14' title='bbox 562 649 645 735; x_wconf 92' lang='lat' dir='ltr'><strong>plur.</strong></span> <span class='ocrx_word' id='word_1_15' title='bbox 678 649 765 738; x_wconf 90' lang='lat' dir='ltr'><strong>apud</strong></span> <span class='ocrx_word' id='word_1_16' title='bbox 796 649 1037 736; x_wconf 86' lang='lat' dir='ltr'><strong>Nioophontem</strong></span> <span class='ocrx_word' id='word_1_17' title='bbox 1068 651 1102 714; x_wconf 90' lang='lat' dir='ltr'><strong>in</strong></span> <span class='ocrx_word' id='word_1_18' title='bbox 1133 651 1173 715; x_wconf 87' lang='lat' dir='ltr'><strong>fr.</strong></span> <span class='ocrx_word' id='word_1_19' title='bbox 1198 652 1220 714; x_wconf 91' lang='lat'><strong>4</strong></span> 
     </span>
     <span class='ocr_line' id='line_1_4' title="bbox 190 768 1219 858; baseline -0.004 -20"><span class='ocrx_word' id='word_1_20' title='bbox 190 778 240 838; x_wconf 91' lang='lat' dir='ltr'><strong>est</strong></span> <span class='ocrx_word' id='word_1_21' title='bbox 268 771 455 858; x_wconf 83' lang='lat' dir='ltr'><strong>„decipula,</strong></span> <span class='ocrx_word' id='word_1_22' title='bbox 480 775 674 853; x_wconf 80' lang='lat' dir='ltr'><strong>transenna,</strong></span> <span class='ocrx_word' id='word_1_23' title='bbox 698 769 733 834; x_wconf 94' lang='lat' dir='ltr'><strong>in</strong></span> <span class='ocrx_word' id='word_1_24' title='bbox 756 791 821 857; x_wconf 90' lang='lat' dir='ltr'><strong>qua</strong></span> <span class='ocrx_word' id='word_1_25' title='bbox 844 791 918 836; x_wconf 86' lang='lat' dir='ltr'><strong>esea</strong></span> <span class='ocrx_word' id='word_1_26' title='bbox 940 768 1136 858; x_wconf 66' lang='lat' dir='ltr'><strong>imponitur*</strong></span> <span class='ocrx_word' id='word_1_27' title='bbox 1160 771 1219 856; x_wconf 92' lang='lat' dir='ltr'><strong>(H.</strong></span> 
     </span>
     <span class='ocr_line' id='line_1_5' title="bbox 188 890 1218 980; baseline -0.001 -21"><span class='ocrx_word' id='word_1_28' title='bbox 188 892 325 980; x_wconf 67' lang='lat' dir='ltr'><strong>steph).</strong></span> <span class='ocrx_word' id='word_1_29' title='bbox 367 891 451 957; x_wconf 92' lang='lat' dir='ltr'><strong>Poll.</strong></span> <span class='ocrx_word' id='word_1_30' title='bbox 489 892 540 956; x_wconf 90' lang='grc'><strong>10.</strong></span> <span class='ocrx_word' id='word_1_31' title='bbox 571 891 650 958; x_wconf 86' lang='grc'><strong>156;</strong></span> <span class='ocrx_word' id='word_1_32' title='bbox 690 890 762 973; x_wconf 53' lang='grc' dir='ltr'><em>»τήν</em></span> <span class='ocrx_word' id='word_1_33' title='bbox 796 891 824 956; x_wconf 76' lang='grc' dir='ltr'><em>δὲ</em></span> <span class='ocrx_word' id='word_1_34' title='bbox 858 890 1046 972; x_wconf 71' lang='grc' dir='ltr'><em>Ἀνδρομέδαν</em></span> <span class='ocrx_word' id='word_1_35' title='bbox 1080 899 1218 972; x_wconf 76' lang='grc' dir='ltr'><em>Κρατῖνος</em></span> 
     </span>
     <span class='ocr_line' id='line_1_6' title="bbox 187 1010 1220 1096; baseline -0.001 -16"><span class='ocrx_word' id='word_1_36' title='bbox 187 1017 217 1080; x_wconf 93' lang='grc' dir='ltr'><em>ε’ν</em></span> <span class='ocrx_word' id='word_1_37' title='bbox 248 1021 307 1087; x_wconf 81' lang='grc' dir='ltr'><em>τοῖς</em></span> <span class='ocrx_word' id='word_1_38' title='bbox 334 1013 477 1096; x_wconf 75' lang='grc' dir='ltr'><em>ΣεριΦΙοις</em></span> <span class='ocrx_word' id='word_1_39' title='bbox 500 1010 678 1090; x_wconf 84' lang='grc' dir='ltr'><em>δελεύοτραν</em></span> <span class='ocrx_word' id='word_1_40' title='bbox 701 1018 797 1077; x_wconf 81' lang='grc' dir='ltr'><em>καλεῖ.</em></span> <span class='ocrx_word' id='word_1_41' title='bbox 832 1017 968 1094; x_wconf 78' lang='grc' dir='ltr'><strong><em>Νικοφῶν</em></strong></span> <span class='ocrx_word' id='word_1_42' title='bbox 992 1012 1021 1076; x_wconf 81' lang='grc' dir='ltr'><em>δὲ</em></span> <span class='ocrx_word' id='word_1_43' title='bbox 1043 1013 1099 1085; x_wconf 77' lang='grc' dir='ltr'><em>τοὶς</em></span> <span class='ocrx_word' id='word_1_44' title='bbox 1123 1012 1220 1079; x_wconf 88' lang='grc' dir='ltr'><em>τοιαύ-</em></span> 
     </span>
     <span class='ocr_line' id='line_1_7' title="bbox 188 1131 1221 1216; baseline -0.001 -16"><span class='ocrx_word' id='word_1_45' title='bbox 188 1159 243 1207; x_wconf 81' lang='grc' dir='ltr'><em>τας</em></span> <span class='ocrx_word' id='word_1_46' title='bbox 274 1134 379 1211; x_wconf 61' lang='lat' dir='ltr'><strong>esayae</strong></span> <span class='ocrx_word' id='word_1_47' title='bbox 410 1136 439 1198; x_wconf 84' lang='grc' dir='ltr'><strong>ἐν</strong></span> <span class='ocrx_word' id='word_1_48' title='bbox 462 1132 635 1216; x_wconf 76' lang='grc' dir='ltr'><em>Ἀφροδύτιρς</em></span> <span class='ocrx_word' id='word_1_49' title='bbox 658 1140 759 1206; x_wconf 79' lang='grc' dir='ltr'><em>Γοναῖς</em></span> <span class='ocrx_word' id='word_1_50' title='bbox 783 1133 944 1214; x_wconf 81' lang='grc' dir='ltr'><em>δελέαστρα</em></span> <span class='ocrx_word' id='word_1_51' title='bbox 967 1131 1104 1215; x_wconf 73' lang='grc' dir='ltr'><em>εἴρννεν.”</em></span> <span class='ocrx_word' id='word_1_52' title='bbox 1128 1146 1221 1200; x_wconf 88' lang='grc' dir='ltr'><em>Δελε-</em></span> 
     </span>
     <span class='ocr_line' id='line_1_8' title="bbox 188 1254 1221 1343; baseline 0 -22"><span class='ocrx_word' id='word_1_53' title='bbox 188 1254 283 1335; x_wconf 85' lang='grc' dir='ltr'><em>ύοτρα</em></span> <span class='ocrx_word' id='word_1_54' title='bbox 310 1256 411 1343; x_wconf 84' lang='lat' dir='ltr'><strong>igitur</strong></span> <span class='ocrx_word' id='word_1_55' title='bbox 433 1254 519 1342; x_wconf 90' lang='lat' dir='ltr'><strong>apud</strong></span> <span class='ocrx_word' id='word_1_56' title='bbox 544 1255 713 1320; x_wconf 74' lang='lat' dir='ltr'><strong>Cratinum</strong></span> <span class='ocrx_word' id='word_1_57' title='bbox 736 1255 957 1342; x_wconf 80' lang='lat' dir='ltr'><strong>metaphorice</strong></span> <span class='ocrx_word' id='word_1_58' title='bbox 981 1261 1156 1343; x_wconf 84' lang='lat' dir='ltr'><strong>usurpatur</strong></span> <span class='ocrx_word' id='word_1_59' title='bbox 1180 1255 1221 1321; x_wconf 93' lang='lat' dir='ltr'><strong>de</strong></span> 
     </span>
     <span class='ocr_line' id='line_1_9' title="bbox 188 1375 1219 1465; baseline -0.001 -23"><span class='ocrx_word' id='word_1_60' title='bbox 188 1375 398 1442; x_wconf 82' lang='lat' dir='ltr'><strong>Andromeda</strong></span> <span class='ocrx_word' id='word_1_61' title='bbox 436 1376 531 1463; x_wconf 79' lang='lat' dir='ltr'><strong>„quia</strong></span> <span class='ocrx_word' id='word_1_62' title='bbox 566 1377 723 1441; x_wconf 88' lang='lat' dir='ltr'><strong>Perseum</strong></span> <span class='ocrx_word' id='word_1_63' title='bbox 758 1397 866 1442; x_wconf 88' lang='lat' dir='ltr'><strong>amore</strong></span> <span class='ocrx_word' id='word_1_64' title='bbox 903 1377 1008 1465; x_wconf 80' lang='lat' dir='ltr'><strong>oepit,</strong></span> <span class='ocrx_word' id='word_1_65' title='bbox 1043 1377 1082 1442; x_wconf 87' lang='lat' dir='ltr'><strong>of.</strong></span> <span class='ocrx_word' id='word_1_66' title='bbox 1109 1378 1219 1443; x_wconf 88' lang='lat' dir='ltr'><strong>Plaut.</strong></span> 
     </span>
     <span class='ocr_line' id='line_1_10' title="bbox 189 1493 1220 1579; baseline 0.001 -17"><span class='ocrx_word' id='word_1_67' title='bbox 189 1498 282 1563; x_wconf 83' lang='lat' dir='ltr'><strong>Asin.</strong></span> <span class='ocrx_word' id='word_1_68' title='bbox 318 1498 343 1562; x_wconf 94' lang='lat' dir='ltr'><strong>I.</strong></span> <span class='ocrx_word' id='word_1_69' title='bbox 375 1501 405 1562; x_wconf 89' lang='lat'><strong>3.</strong></span> <span class='ocrx_word' id='word_1_70' title='bbox 439 1499 480 1562; x_wconf 80' lang='grc'><strong>67</strong></span> <span class='ocrx_word' id='word_1_71' title='bbox 517 1518 610 1579; x_wconf 88' lang='lat' dir='ltr'><strong>„esea</strong></span> <span class='ocrx_word' id='word_1_72' title='bbox 634 1502 684 1562; x_wconf 85' lang='lat' dir='ltr'><strong>est</strong></span> <span class='ocrx_word' id='word_1_73' title='bbox 706 1493 881 1562; x_wconf 82' lang='lat' dir='ltr'><strong>meretrix”</strong></span> <span class='ocrx_word' id='word_1_74' title='bbox 906 1496 1039 1579; x_wconf 66' lang='lat' dir='ltr'><strong>(Koch.)</strong></span> <span class='ocrx_word' id='word_1_75' title='bbox 1072 1497 1220 1564; x_wconf 86' lang='lat' dir='ltr'><strong>Verbum</strong></span> 
     </span>
     <span class='ocr_line' id='line_1_11' title="bbox 188 1616 1220 1706; baseline -0.003 -22"><span class='ocrx_word' id='word_1_76' title='bbox 188 1616 314 1700; x_wconf 83' lang='grc' dir='ltr'><em>δελεύζω</em></span> <span class='ocrx_word' id='word_1_77' title='bbox 346 1624 396 1685; x_wconf 91' lang='lat' dir='ltr'><strong>est</strong></span> <span class='ocrx_word' id='word_1_78' title='bbox 427 1640 477 1704; x_wconf 90' lang='lat' dir='ltr'><strong>ap.</strong></span> <span class='ocrx_word' id='word_1_79' title='bbox 509 1617 589 1682; x_wconf 87' lang='lat' dir='ltr'><strong>Her.</strong></span> <span class='ocrx_word' id='word_1_80' title='bbox 621 1617 650 1681; x_wconf 91' lang='grc'><strong>2.</strong></span> <span class='ocrx_word' id='word_1_81' title='bbox 683 1617 736 1681; x_wconf 84' lang='grc'><strong>70.</strong></span> <span class='ocrx_word' id='word_1_82' title='bbox 768 1617 848 1684; x_wconf 88' lang='lat' dir='ltr'><strong>Luo.</strong></span> <span class='ocrx_word' id='word_1_83' title='bbox 879 1617 964 1683; x_wconf 87' lang='lat' dir='ltr'><strong>Piso.</strong></span> <span class='ocrx_word' id='word_1_84' title='bbox 998 1619 1051 1704; x_wconf 80' lang='lat'><strong>47,</strong></span> <span class='ocrx_word' id='word_1_85' title='bbox 1076 1619 1220 1706; x_wconf 86' lang='lat' dir='ltr'><strong>metaph.</strong></span> 
     </span>
     <span class='ocr_line' id='line_1_12' title="bbox 190 1738 1221 1828; baseline -0.001 -21"><span class='ocrx_word' id='word_1_86' title='bbox 190 1743 276 1807; x_wconf 92' lang='lat' dir='ltr'><strong>Xen.</strong></span> <span class='ocrx_word' id='word_1_87' title='bbox 300 1740 398 1806; x_wconf 86' lang='lat' dir='ltr'><strong>Mem.</strong></span> <span class='ocrx_word' id='word_1_88' title='bbox 425 1741 455 1804; x_wconf 89' lang='grc'><strong>2.</strong></span> <span class='ocrx_word' id='word_1_89' title='bbox 475 1741 504 1806; x_wconf 95' lang='lat' dir='ltr'><strong>l.</strong></span> <span class='ocrx_word' id='word_1_90' title='bbox 529 1741 559 1804; x_wconf 88' lang='lat'><strong>4.</strong></span> <span class='ocrx_word' id='word_1_91' title='bbox 583 1738 682 1803; x_wconf 87' lang='lat' dir='ltr'><strong>lsoor.</strong></span> <span class='ocrx_word' id='word_1_92' title='bbox 709 1740 738 1802; x_wconf 88' lang='lat'><strong>8.</strong></span> <span class='ocrx_word' id='word_1_93' title='bbox 759 1739 812 1802; x_wconf 88' lang='lat'><strong>34.</strong></span> <span class='ocrx_word' id='word_1_94' title='bbox 837 1738 930 1804; x_wconf 91' lang='lat' dir='ltr'><strong>Dem.</strong></span> <span class='ocrx_word' id='word_1_95' title='bbox 950 1741 1003 1805; x_wconf 88' lang='lat'><strong>18.</strong></span> <span class='ocrx_word' id='word_1_96' title='bbox 1025 1742 1077 1804; x_wconf 87' lang='lat'><strong>45.</strong></span> <span class='ocrx_word' id='word_1_97' title='bbox 1103 1741 1221 1828; x_wconf 87' lang='lat' dir='ltr'><strong>Polyb.</strong></span> 
     </span>
     <span class='ocr_line' id='line_1_13' title="bbox 191 1858 1220 1945; baseline 0.003 -19"><span class='ocrx_word' id='word_1_98' title='bbox 191 1865 244 1930; x_wconf 82' lang='lat'><strong>38.</strong></span> <span class='ocrx_word' id='word_1_99' title='bbox 276 1864 306 1927; x_wconf 90' lang='lat'><strong>3.</strong></span> <span class='ocrx_word' id='word_1_100' title='bbox 335 1863 392 1945; x_wconf 85' lang='lat'><strong>11,</strong></span> <span class='ocrx_word' id='word_1_101' title='bbox 423 1860 523 1939; x_wconf 85' lang='grc' dir='ltr'><em>δέλεαρ</em></span> <span class='ocrx_word' id='word_1_102' title='bbox 554 1859 656 1944; x_wconf 75' lang='lat' dir='ltr'><strong>(esea)</strong></span> <span class='ocrx_word' id='word_1_103' title='bbox 686 1859 763 1926; x_wconf 85' lang='lat' dir='ltr'><strong>Hur.</strong></span> <span class='ocrx_word' id='word_1_104' title='bbox 795 1858 897 1923; x_wconf 91' lang='lat' dir='ltr'><strong>Andr.</strong></span> <span class='ocrx_word' id='word_1_105' title='bbox 932 1860 1005 1926; x_wconf 85' lang='grc'><strong>263.</strong></span> <span class='ocrx_word' id='word_1_106' title='bbox 1029 1860 1114 1926; x_wconf 90' lang='lat' dir='ltr'><strong>Xen.</strong></span> <span class='ocrx_word' id='word_1_107' title='bbox 1140 1861 1220 1929; x_wconf 90' lang='lat' dir='ltr'><strong>ibid.</strong></span> 
     </span>
     <span class='ocr_line' id='line_1_14' title="bbox 190 1980 988 2070; baseline 0.001 -22"><span class='ocrx_word' id='word_1_108' title='bbox 190 1984 276 2049; x_wconf 89' lang='lat' dir='ltr'><strong>Plat.</strong></span> <span class='ocrx_word' id='word_1_109' title='bbox 301 1982 400 2070; x_wconf 82' lang='lat' dir='ltr'><strong>Soph.</strong></span> <span class='ocrx_word' id='word_1_110' title='bbox 425 1983 490 2046; x_wconf 92' lang='grc'><strong>222</strong></span> <span class='ocrx_word' id='word_1_111' title='bbox 507 2003 535 2046; x_wconf 89' lang='lat' dir='ltr'><strong>e.</strong></span> <span class='ocrx_word' id='word_1_112' title='bbox 560 1980 610 2047; x_wconf 89' lang='lat' dir='ltr'><strong>De</strong></span> <span class='ocrx_word' id='word_1_113' title='bbox 634 1980 737 2046; x_wconf 88' lang='lat' dir='ltr'><strong>forma</strong></span> <span class='ocrx_word' id='word_1_114' title='bbox 760 1980 800 2046; x_wconf 87' lang='lat' dir='ltr'><strong>ef.</strong></span> <span class='ocrx_word' id='word_1_115' title='bbox 823 1981 988 2062; x_wconf 77' lang='grc' dir='ltr'><em>οὶλινδύύρα.</em></span> 
     </span>
    </p>

    <p class='ocr_par' dir='ltr' id='par_1_3' title="bbox 191 2102 1231 3890">
     <span class='ocr_line' id='line_1_15' title="bbox 235 2102 1223 2191; baseline -0.004 -20"><span class='ocrx_word' id='word_1_116' title='bbox 235 2105 344 2171; x_wconf 81' lang='grc' dir='ltr'><em>δέλτα</em></span> <span class='ocrx_word' id='word_1_117' title='bbox 369 2103 455 2191; x_wconf 89' lang='lat' dir='ltr'><strong>apud</strong></span> <span class='ocrx_word' id='word_1_118' title='bbox 479 2102 734 2189; x_wconf 84' lang='lat' dir='ltr'><strong>Aristophanem</strong></span> <span class='ocrx_word' id='word_1_119' title='bbox 757 2103 791 2167; x_wconf 91' lang='lat' dir='ltr'><strong>in</strong></span> <span class='ocrx_word' id='word_1_120' title='bbox 814 2103 891 2189; x_wconf 86' lang='lat' dir='ltr'><strong>Lys.</strong></span> <span class='ocrx_word' id='word_1_121' title='bbox 918 2125 948 2167; x_wconf 86' lang='lat' dir='ltr'><strong>v.</strong></span> <span class='ocrx_word' id='word_1_122' title='bbox 968 2103 1046 2166; x_wconf 78' lang='lat'>151:</span> <span class='ocrx_word' id='word_1_123' title='bbox 1071 2103 1094 2166; x_wconf 81' lang='lat' dir='ltr'><strong>si</strong></span> <span class='ocrx_word' id='word_1_124' title='bbox 1110 2104 1223 2182; x_wconf 76' lang='grc' dir='ltr'><em>γυμναὶ</em></span> 
     </span>
     <span class='ocr_line' id='line_1_16' title="bbox 191 2224 1223 2314; baseline -0.004 -19"><span class='ocrx_word' id='word_1_125' title='bbox 191 2229 350 2314; x_wconf 81' lang='grc' dir='ltr'><em>παρίοιμεν,</em></span> <span class='ocrx_word' id='word_1_126' title='bbox 374 2226 464 2292; x_wconf 83' lang='grc' dir='ltr'><em>δέλτα</em></span> <span class='ocrx_word' id='word_1_127' title='bbox 487 2224 739 2306; x_wconf 75' lang='grc' dir='ltr'><em>παρατετιλμέναι</em></span> <span class='ocrx_word' id='word_1_128' title='bbox 760 2231 935 2313; x_wconf 88' lang='lat' dir='ltr'><strong>usurpatur</strong></span> <span class='ocrx_word' id='word_1_129' title='bbox 952 2256 993 2280; x_wconf 95' lang='lat'>=</span> <span class='ocrx_word' id='word_1_130' title='bbox 1012 2225 1223 2312; x_wconf 84' lang='lat' dir='ltr'><strong>„pudendum</strong></span> 
     </span>
     <span class='ocr_line' id='line_1_17' title="bbox 192 2347 1225 2434; baseline 0 -20"><span class='ocrx_word' id='word_1_131' title='bbox 192 2347 380 2426; x_wconf 88' lang='lat' dir='ltr'><strong>muliebre&#39;’‚</strong></span> <span class='ocrx_word' id='word_1_132' title='bbox 404 2348 598 2413; x_wconf 86' lang='lat' dir='ltr'><strong>oblitteras</strong></span> <span class='ocrx_word' id='word_1_133' title='bbox 622 2347 758 2412; x_wconf 88' lang='lat' dir='ltr'><strong>formam</strong></span> <span class='ocrx_word' id='word_1_134' title='bbox 781 2347 997 2434; x_wconf 87' lang='lat' dir='ltr'><strong>antiquiorem</strong></span> <span class='ocrx_word' id='word_1_135' title='bbox 1021 2347 1225 2414; x_wconf 90' lang='lat' dir='ltr'><strong>subsimilem</strong></span> 
     </span>
     <span class='ocr_line' id='line_1_18' title="bbox 191 2468 1225 2557; baseline 0 -22"><span class='ocrx_word' id='word_1_136' title='bbox 191 2472 238 2535; x_wconf 90' lang='lat' dir='ltr'><strong>ita</strong></span> <span class='ocrx_word' id='word_1_137' title='bbox 269 2469 408 2553; x_wconf 82' lang='lat' dir='ltr'><strong>dietum,</strong></span> <span class='ocrx_word' id='word_1_138' title='bbox 445 2468 594 2552; x_wconf 81' lang='lat' dir='ltr'><strong>„littera”</strong></span> <span class='ocrx_word' id='word_1_139' title='bbox 617 2490 668 2555; x_wconf 92' lang='lat' dir='ltr'><strong>ap.</strong></span> <span class='ocrx_word' id='word_1_140' title='bbox 694 2470 778 2534; x_wconf 59' lang='lat' dir='ltr'><strong>Xenv</strong></span> <span class='ocrx_word' id='word_1_141' title='bbox 803 2468 901 2533; x_wconf 88' lang='lat' dir='ltr'><strong>Mem.</strong></span> <span class='ocrx_word' id='word_1_142' title='bbox 927 2471 957 2532; x_wconf 90' lang='grc'><strong>4.</strong></span> <span class='ocrx_word' id='word_1_143' title='bbox 983 2471 1013 2534; x_wconf 94' lang='grc'><strong>2.</strong></span> <span class='ocrx_word' id='word_1_144' title='bbox 1042 2470 1100 2545; x_wconf 89' lang='grc'><strong>13,</strong></span> <span class='ocrx_word' id='word_1_145' title='bbox 1130 2491 1225 2557; x_wconf 83' lang='lat' dir='ltr'><strong>„pars</strong></span> 
     </span>
     <span class='ocr_line' id='line_1_19' title="bbox 193 2588 1226 2679; baseline 0.003 -25"><span class='ocrx_word' id='word_1_146' title='bbox 193 2590 456 2678; x_wconf 87' lang='lat' dir='ltr'><strong>septentrionalis</strong></span> <span class='ocrx_word' id='word_1_147' title='bbox 479 2588 646 2676; x_wconf 83' lang='lat' dir='ltr'><strong>Aegypti’&#39;</strong></span> <span class='ocrx_word' id='word_1_148' title='bbox 671 2611 721 2676; x_wconf 88' lang='lat' dir='ltr'><strong>ap.</strong></span> <span class='ocrx_word' id='word_1_149' title='bbox 747 2589 867 2655; x_wconf 86' lang='lat' dir='ltr'><strong>Herod.</strong></span> <span class='ocrx_word' id='word_1_150' title='bbox 889 2596 923 2656; x_wconf 91' lang='lat' dir='ltr'><strong>et</strong></span> <span class='ocrx_word' id='word_1_151' title='bbox 939 2591 979 2656; x_wconf 88' lang='lat' dir='ltr'><strong>al.</strong></span> <span class='ocrx_word' id='word_1_152' title='bbox 999 2628 1039 2638; x_wconf 88' lang='lat'>—</span> <span class='ocrx_word' id='word_1_153' title='bbox 1057 2591 1106 2658; x_wconf 82' lang='lat' dir='ltr'><strong>uf.</strong></span> <span class='ocrx_word' id='word_1_154' title='bbox 1121 2592 1226 2679; x_wconf 88' lang='lat' dir='ltr'><strong>praef.</strong></span> 
     </span>
     <span class='ocr_line' id='line_1_20' title="bbox 193 2709 1227 2802; baseline 0.008 -28"><span class='ocrx_word' id='word_1_155' title='bbox 193 2714 211 2796; x_wconf 65' lang='grc' dir='ltr'><em>ξ</em></span> <span class='ocrx_word' id='word_1_156' title='bbox 235 2712 265 2778; x_wconf 91' lang='lat'><strong>4.</strong></span> <span class='ocrx_word' id='word_1_157' title='bbox 300 2709 425 2775; x_wconf 86' lang='lat' dir='ltr'><strong>Eodem</strong></span> <span class='ocrx_word' id='word_1_158' title='bbox 449 2711 591 2797; x_wconf 93' lang='lat' dir='ltr'><strong>pertinet</strong></span> <span class='ocrx_word' id='word_1_159' title='bbox 613 2731 680 2776; x_wconf 82' lang='lat' dir='ltr'><strong>vox</strong></span> <span class='ocrx_word' id='word_1_160' title='bbox 702 2710 858 2797; x_wconf 80' lang='grc' dir='ltr'><em>εὀχύρα,</em></span> <span class='ocrx_word' id='word_1_161' title='bbox 890 2712 976 2800; x_wconf 91' lang='lat' dir='ltr'><strong>quod</strong></span> <span class='ocrx_word' id='word_1_162' title='bbox 1004 2720 1054 2780; x_wconf 87' lang='lat' dir='ltr'><strong>est</strong></span> <span class='ocrx_word' id='word_1_163' title='bbox 1081 2716 1227 2802; x_wconf 87' lang='lat' dir='ltr'><strong>„puden-</strong></span> 
     </span>
     <span class='ocr_line' id='line_1_21' title="bbox 195 2827 1227 2916; baseline 0.008 -21"><span class='ocrx_word' id='word_1_164' title='bbox 195 2830 272 2896; x_wconf 92' lang='lat' dir='ltr'><strong>dum</strong></span> <span class='ocrx_word' id='word_1_165' title='bbox 288 2827 464 2896; x_wconf 89' lang='lat' dir='ltr'><strong>muliebre&#39;’</strong></span> <span class='ocrx_word' id='word_1_166' title='bbox 481 2831 515 2893; x_wconf 92' lang='lat' dir='ltr'><strong>in</strong></span> <span class='ocrx_word' id='word_1_167' title='bbox 532 2829 641 2916; x_wconf 80' lang='lat' dir='ltr'><strong>Equit.</strong></span> <span class='ocrx_word' id='word_1_168' title='bbox 658 2852 687 2896; x_wconf 86' lang='lat' dir='ltr'><strong>v.</strong></span> <span class='ocrx_word' id='word_1_169' title='bbox 711 2833 813 2896; x_wconf 82' lang='lat'>1286:</span> <span class='ocrx_word' id='word_1_170' title='bbox 837 2832 886 2897; x_wconf 78' lang='grc' dir='ltr'><em>καὶ</em></span> <span class='ocrx_word' id='word_1_171' title='bbox 903 2834 1032 2911; x_wconf 81' lang='grc' dir='ltr'><em>μολύνων</em></span> <span class='ocrx_word' id='word_1_172' title='bbox 1049 2836 1100 2910; x_wconf 65' lang='grc' dir='ltr'><strong>τὴν</strong></span> <span class='ocrx_word' id='word_1_173' title='bbox 1117 2837 1227 2913; x_wconf 80' lang='grc' dir='ltr'><em>ὑπύννν</em></span> 
     </span>
     <span class='ocr_line' id='line_1_22' title="bbox 195 2949 1227 3042; baseline 0.007 -25"><span class='ocrx_word' id='word_1_174' title='bbox 195 2950 243 3017; x_wconf 75' lang='grc' dir='ltr'><em>καὶ</em></span> <span class='ocrx_word' id='word_1_175' title='bbox 276 2957 366 3016; x_wconf 78' lang='grc' dir='ltr'><em>κονιῶν</em></span> <span class='ocrx_word' id='word_1_176' title='bbox 397 2949 453 3021; x_wconf 76' lang='grc' dir='ltr'><strong>τὰς</strong></span> <span class='ocrx_word' id='word_1_177' title='bbox 484 2949 616 3032; x_wconf 76' lang='grc' dir='ltr'><em>εὀχύρας</em></span> <span class='ocrx_word' id='word_1_178' title='bbox 647 2950 702 3036; x_wconf 90' lang='lat' dir='ltr'><strong>(de</strong></span> <span class='ocrx_word' id='word_1_179' title='bbox 735 2952 973 3038; x_wconf 78' lang='lat' dir='ltr'><strong>significatione</strong></span> <span class='ocrx_word' id='word_1_180' title='bbox 1000 2955 1127 3042; x_wconf 78' lang='lat' dir='ltr'><strong>vulgari</strong></span> <span class='ocrx_word' id='word_1_181' title='bbox 1149 2956 1227 3024; x_wconf 84' lang='lat' dir='ltr'><strong>vide</strong></span> 
     </span>
     <span class='ocr_line' id='line_1_23' title="bbox 194 3075 1227 3166; baseline 0.006 -27"><span class='ocrx_word' id='word_1_182' title='bbox 194 3075 329 3159; x_wconf 82' lang='lat' dir='ltr'><strong>lexioa),</strong></span> <span class='ocrx_word' id='word_1_183' title='bbox 361 3080 395 3140; x_wconf 93' lang='lat' dir='ltr'><strong>et</strong></span> <span class='ocrx_word' id='word_1_184' title='bbox 424 3095 493 3141; x_wconf 76' lang='lat' dir='ltr'><strong>roo.</strong></span> <span class='ocrx_word' id='word_1_185' title='bbox 524 3075 654 3141; x_wconf 82' lang='grc' dir='ltr'><em>κε’νταυ</em></span> <span class='ocrx_word' id='word_1_186' title='bbox 662 3099 714 3157; x_wconf 82' lang='grc' dir='ltr'><strong>ρος</strong></span> <span class='ocrx_word' id='word_1_187' title='bbox 745 3076 832 3162; x_wconf 87' lang='lat' dir='ltr'><strong>apud</strong></span> <span class='ocrx_word' id='word_1_188' title='bbox 859 3077 1105 3166; x_wconf 83' lang='lat' dir='ltr'><strong>Theopompum</strong></span> <span class='ocrx_word' id='word_1_189' title='bbox 1128 3080 1163 3145; x_wconf 92' lang='lat' dir='ltr'><strong>in</strong></span> <span class='ocrx_word' id='word_1_190' title='bbox 1187 3081 1227 3150; x_wconf 89' lang='lat' dir='ltr'><strong>fr.</strong></span> 
     </span>
     <span class='ocr_line' id='line_1_24' title="bbox 197 3196 1229 3281; baseline 0.004 -19"><span class='ocrx_word' id='word_1_191' title='bbox 197 3200 250 3264; x_wconf 87' lang='grc'><strong>89.</strong></span> <span class='ocrx_word' id='word_1_192' title='bbox 290 3196 439 3263; x_wconf 84' lang='lat' dir='ltr'><strong>Eustath.</strong></span> <span class='ocrx_word' id='word_1_193' title='bbox 477 3197 579 3281; x_wconf 88' lang='lat'>1910,</span> <span class='ocrx_word' id='word_1_194' title='bbox 619 3199 676 3261; x_wconf 83' lang='lat'><strong>10:</strong></span> <span class='ocrx_word' id='word_1_195' title='bbox 719 3204 880 3273; x_wconf 74' lang='grc' dir='ltr'><em>γυναικεῖον</em></span> <span class='ocrx_word' id='word_1_196' title='bbox 919 3199 1011 3278; x_wconf 89' lang='grc' dir='ltr'><em>μύριον</em></span> <span class='ocrx_word' id='word_1_197' title='bbox 1044 3200 1180 3277; x_wconf 76' lang='grc' dir='ltr'><em>σημαίνει</em></span> <span class='ocrx_word' id='word_1_198' title='bbox 1215 3203 1229 3266; x_wconf 81' lang='lat' dir='ltr'><strong>d</strong></span> 
     </span>
     <span class='ocr_line' id='line_1_25' title="bbox 197 3315 1229 3408; baseline 0.008 -27"><span class='ocrx_word' id='word_1_199' title='bbox 197 3318 346 3397; x_wconf 81' lang='grc' dir='ltr'><em>κε’ντανρος</em></span> <span class='ocrx_word' id='word_1_200' title='bbox 378 3315 508 3404; x_wconf 84' lang='lat' dir='ltr'><strong>(eadem</strong></span> <span class='ocrx_word' id='word_1_201' title='bbox 539 3317 661 3403; x_wconf 92' lang='lat' dir='ltr'><strong>Phot.).</strong></span> <span class='ocrx_word' id='word_1_202' title='bbox 698 3318 885 3384; x_wconf 81' lang='lat' dir='ltr'><strong>Secundum</strong></span> <span class='ocrx_word' id='word_1_203' title='bbox 919 3320 1121 3408; x_wconf 84' lang='lat' dir='ltr'><strong>Hesychium</strong></span> <span class='ocrx_word' id='word_1_204' title='bbox 1144 3322 1229 3389; x_wconf 88' lang='lat' dir='ltr'><strong>haee</strong></span> 
     </span>
     <span class='ocr_line' id='line_1_26' title="bbox 197 3439 1229 3521; baseline 0.001 -14"><span class='ocrx_word' id='word_1_205' title='bbox 197 3462 263 3507; x_wconf 82' lang='lat' dir='ltr'><strong>vox</strong></span> <span class='ocrx_word' id='word_1_206' title='bbox 293 3440 392 3505; x_wconf 90' lang='lat' dir='ltr'><strong>etiam</strong></span> <span class='ocrx_word' id='word_1_207' title='bbox 422 3439 544 3504; x_wconf 83' lang='lat' dir='ltr'><strong>indicat</strong></span> <span class='ocrx_word' id='word_1_208' title='bbox 572 3439 637 3512; x_wconf 79' lang='grc' dir='ltr'><em>τοὺς</em></span> <span class='ocrx_word' id='word_1_209' title='bbox 661 3439 871 3521; x_wconf 82' lang='grc' dir='ltr'><em>παιδεραοτύς.</em></span> <span class='ocrx_word' id='word_1_210' title='bbox 906 3441 959 3506; x_wconf 86' lang='lat' dir='ltr'><strong>Sie</strong></span> <span class='ocrx_word' id='word_1_211' title='bbox 983 3441 1082 3506; x_wconf 88' lang='lat' dir='ltr'><strong>etiam</strong></span> <span class='ocrx_word' id='word_1_212' title='bbox 1104 3442 1229 3510; x_wconf 81' lang='lat' dir='ltr'><strong>locutio</strong></span> 
     </span>
     <span class='ocr_line' id='line_1_27' title="bbox 197 3559 1231 3654; baseline 0.004 -27"><span class='ocrx_word' id='word_1_213' title='bbox 197 3561 300 3639; x_wconf 77' lang='grc' dir='ltr'><em>ξύλον</em></span> <span class='ocrx_word' id='word_1_214' title='bbox 332 3559 544 3639; x_wconf 72' lang='grc' dir='ltr'><em>τετρημένον</em></span> <span class='ocrx_word' id='word_1_215' title='bbox 568 3583 619 3648; x_wconf 88' lang='lat' dir='ltr'><strong>ap.</strong></span> <span class='ocrx_word' id='word_1_216' title='bbox 644 3561 810 3648; x_wconf 89' lang='lat' dir='ltr'><strong>Aristoph.</strong></span> <span class='ocrx_word' id='word_1_217' title='bbox 833 3563 867 3626; x_wconf 92' lang='lat' dir='ltr'><strong>in</strong></span> <span class='ocrx_word' id='word_1_218' title='bbox 892 3561 968 3650; x_wconf 88' lang='lat' dir='ltr'><strong>Lys.</strong></span> <span class='ocrx_word' id='word_1_219' title='bbox 992 3586 1023 3628; x_wconf 86' lang='lat' dir='ltr'><strong>v.</strong></span> <span class='ocrx_word' id='word_1_220' title='bbox 1049 3565 1130 3648; x_wconf 85' lang='lat'><strong>680,</strong></span> <span class='ocrx_word' id='word_1_221' title='bbox 1154 3588 1231 3654; x_wconf 91' lang='lat' dir='ltr'><strong>pro-</strong></span> 
     </span>
     <span class='ocr_line' id='line_1_28' title="bbox 198 3680 1230 3772; baseline 0.003 -24"><span class='ocrx_word' id='word_1_222' title='bbox 198 3684 267 3772; x_wconf 91' lang='lat' dir='ltr'><strong>prie</strong></span> <span class='ocrx_word' id='word_1_223' title='bbox 300 3714 340 3738; x_wconf 96' lang='lat'>=</span> <span class='ocrx_word' id='word_1_224' title='bbox 373 3680 599 3763; x_wconf 77' lang='grc' dir='ltr'><em>πεντεσύριγγον</em></span> <span class='ocrx_word' id='word_1_225' title='bbox 629 3681 714 3759; x_wconf 79' lang='grc' dir='ltr'><em>ξύλον</em></span> <span class='ocrx_word' id='word_1_226' title='bbox 737 3682 941 3771; x_wconf 56' lang='grc'><strong>(1111049).</strong></span> <span class='ocrx_word' id='word_1_227' title='bbox 977 3683 1024 3748; x_wconf 78' lang='lat' dir='ltr'><strong>Of.</strong></span> <span class='ocrx_word' id='word_1_228' title='bbox 1050 3683 1172 3750; x_wconf 93' lang='lat' dir='ltr'><strong>Herod.</strong></span> <span class='ocrx_word' id='word_1_229' title='bbox 1199 3689 1230 3751; x_wconf 87' lang='grc'><strong>9.</strong></span> 
     </span>
     <span class='ocr_line' id='line_1_29' title="bbox 199 3803 876 3890; baseline -0.006 -20"><span class='ocrx_word' id='word_1_230' title='bbox 199 3807 250 3871; x_wconf 81' lang='grc'><strong>37.</strong></span> <span class='ocrx_word' id='word_1_231' title='bbox 274 3803 400 3869; x_wconf 89' lang='lat' dir='ltr'><strong>Andoo.</strong></span> <span class='ocrx_word' id='word_1_232' title='bbox 428 3805 457 3869; x_wconf 92' lang='lat' dir='ltr'><strong>l.</strong></span> <span class='ocrx_word' id='word_1_233' title='bbox 483 3804 535 3867; x_wconf 88' lang='lat'><strong>45.</strong></span> <span class='ocrx_word' id='word_1_234' title='bbox 559 3804 636 3890; x_wconf 88' lang='lat' dir='ltr'><strong>Lys.</strong></span> <span class='ocrx_word' id='word_1_235' title='bbox 664 3804 712 3867; x_wconf 92' lang='lat'><strong>10.</strong></span> <span class='ocrx_word' id='word_1_236' title='bbox 739 3804 789 3866; x_wconf 85' lang='grc'><strong>16.</strong></span> <span class='ocrx_word' id='word_1_237' title='bbox 815 3807 876 3868; x_wconf 88' lang='lat' dir='ltr'><strong>eto.</strong></span> 
     </span>
    </p>
   </div>
   <div class='ocr_carea' id='block_1_3' title="bbox 198 3923 1238 4381">
    <p class='ocr_par' dir='ltr' id='par_1_4' title="bbox 198 3923 1238 4381">
     <span class='ocr_line' id='line_1_30' title="bbox 243 3923 1234 4013; baseline 0.004 -23"><span class='ocrx_word' id='word_1_238' title='bbox 243 3925 482 4003; x_wconf 73' lang='grc' dir='ltr'><em>δενδροτομεῖν</em></span> <span class='ocrx_word' id='word_1_239' title='bbox 513 3923 734 4010; x_wconf 80' lang='lat' dir='ltr'><strong>metaphorice</strong></span> <span class='ocrx_word' id='word_1_240' title='bbox 761 3924 899 4009; x_wconf 80' lang='lat' dir='ltr'><strong>,‚oaed0‚</strong></span> <span class='ocrx_word' id='word_1_241' title='bbox 925 3925 1082 3991; x_wconf 88' lang='lat' dir='ltr'><strong>verbero&#39;’</strong></span> <span class='ocrx_word' id='word_1_242' title='bbox 1107 3926 1234 4013; x_wconf 84' lang='lat' dir='ltr'><strong>legitur</strong></span> 
     </span>
     <span class='ocr_line' id='line_1_31' title="bbox 200 4025 1235 4133; baseline 0.004 -21"><span class='ocrx_word' id='word_1_243' title='bbox 200 4044 286 4133; x_wconf 87' lang='lat' dir='ltr'><strong>apud</strong></span> <span class='ocrx_word' id='word_1_244' title='bbox 301 4045 400 4111; x_wconf 90' lang='lat' dir='ltr'><strong>Arist.</strong></span> <span class='ocrx_word' id='word_1_245' title='bbox 424 4045 501 4109; x_wconf 88' lang='lat' dir='ltr'><strong>Pao.</strong></span> <span class='ocrx_word' id='word_1_246' title='bbox 520 4047 596 4110; x_wconf 75' lang='lat'><strong>747:</strong></span> <span class='ocrx_word' id='word_1_247' title='bbox 621 4044 835 4125; x_wconf 76' lang='grc' dir='ltr'><em>ἐδενδροτόμησε</em></span> <span class='ocrx_word' id='word_1_248' title='bbox 851 4047 884 4111; x_wconf 84' lang='grc' dir='ltr'><em>τδ</em></span> <span class='ocrx_word' id='word_1_249' title='bbox 903 4025 997 4132; x_wconf 82' lang='grc' dir='ltr'><em>νῶτον,</em></span> <span class='ocrx_word' id='word_1_250' title='bbox 1013 4047 1235 4126; x_wconf 82' lang='grc' dir='ltr'><em>ἕδενδροιιύπνοε</em></span> 
     </span>
     <span class='ocr_line' id='line_1_32' title="bbox 198 4169 1236 4257; baseline 0.004 -23"><span class='ocrx_word' id='word_1_251' title='bbox 198 4170 315 4256; x_wconf 84' lang='lat' dir='ltr'><strong>legunt</strong></span> <span class='ocrx_word' id='word_1_252' title='bbox 345 4169 450 4235; x_wconf 81' lang='lat' dir='ltr'><strong>Oobet</strong></span> <span class='ocrx_word' id='word_1_253' title='bbox 481 4175 513 4234; x_wconf 93' lang='lat' dir='ltr'><strong>et</strong></span> <span class='ocrx_word' id='word_1_254' title='bbox 543 4169 714 4253; x_wconf 80' lang='lat' dir='ltr'><strong>Mainake,</strong></span> <span class='ocrx_word' id='word_1_255' title='bbox 750 4171 806 4257; x_wconf 90' lang='lat' dir='ltr'><strong>qui</strong></span> <span class='ocrx_word' id='word_1_256' title='bbox 837 4175 947 4236; x_wconf 92' lang='lat' dir='ltr'><strong>tamen</strong></span> <span class='ocrx_word' id='word_1_257' title='bbox 977 4171 1046 4236; x_wconf 89' lang='lat' dir='ltr'><strong>falli</strong></span> <span class='ocrx_word' id='word_1_258' title='bbox 1075 4171 1236 4239; x_wconf 84' lang='lat' dir='ltr'><strong>videntur</strong></span> 
     </span>
     <span class='ocr_line' id='line_1_33' title="bbox 202 4290 1238 4381; baseline 0.004 -24"><span class='ocrx_word' id='word_1_259' title='bbox 202 4291 442 4376; x_wconf 87' lang='lat' dir='ltr'><strong>Herwerdeno,</strong></span> <span class='ocrx_word' id='word_1_260' title='bbox 463 4292 559 4379; x_wconf 88' lang='lat' dir='ltr'><strong>„quia</strong></span> <span class='ocrx_word' id='word_1_261' title='bbox 574 4295 711 4377; x_wconf 87' lang='lat' dir='ltr'><strong>utraque</strong></span> <span class='ocrx_word' id='word_1_262' title='bbox 727 4290 829 4356; x_wconf 88' lang='lat' dir='ltr'><strong>forma</strong></span> <span class='ocrx_word' id='word_1_263' title='bbox 844 4293 947 4381; x_wconf 90' lang='lat' dir='ltr'><strong>proba</strong></span> <span class='ocrx_word' id='word_1_264' title='bbox 963 4297 1022 4376; x_wconf 88' lang='lat' dir='ltr'><strong>est,</strong></span> <span class='ocrx_word' id='word_1_265' title='bbox 1039 4292 1238 4375; x_wconf 83' lang='grc' dir='ltr'><em>δενδροτομεῖν</em></span> 
     </span>
    </p>
   </div>
   <div class='ocr_carea' id='block_1_4' title="bbox 0 0 1438 4934">
    <p class='ocr_par' dir='ltr' id='par_1_5' title="bbox 0 0 1438 4934">
     <span class='ocr_line' id='line_1_34' title="bbox 0 0 1438 4934; baseline 0 0"><span class='ocrx_word' id='word_1_266' title='bbox 0 0 1438 4934; x_wconf 95' lang='lat' dir='ltr'><strong> </strong></span> 
     </span>
    </p>
   </div>
  </div>
 </body>
</html>
