2836 4934
598 301 787 380 Εὑρνρονεπνὶς.
1147 305 1209 368 137

180 555 364 620 ficationem
401 554 502 620 habet
540 552 777 618 adhortationis
816 551 957 618 abeundi
996 558 1030 618 et
1064 551 1211 616 imitatur

179 695 294 740 sonum
325 675 377 741 vel
409 674 580 763 strepitum
611 682 664 750 τῆς·
694 673 854 752 poteritine
880 672 935 762 (ei.
959 673 1018 761 eq.
1044 657 1125 762 59).
1158 672 1212 739 Ad

178 796 332 863 formam:
367 794 526 883 βκβκοοὶξ,
560 795 760 873 ἰκπποοπκνοὶξ,
792 793 945 884 πκπποίξζ,
972 793 1116 874 βομβάξ,
1148 793 1214 872 ποὶξ

179 918 307 984 similia.
333 955 374 967 —
398 918 484 986 Vide
507 918 642 1007 praefat.
666 921 685 1003 ξ
708 921 737 983 6.

224 1041 433 1121 adparando
456 1041 491 1106 in
514 1041 632 1106 malam
655 1046 781 1129 partem
800 1070 840 1096 =
861 1039 1054 1125 „verbosus,
1071 1037 1213 1126 loquax”

142 1205 147 1208 -
179 1160 300 1248 legitur
334 1161 421 1249 apud
455 1161 709 1249 Aristophanem
743 1162 778 1226 in
808 1160 894 1226 Nub.
929 1184 958 1226 v.
991 1162 1074 1229 447:
1103 1161 1214 1242 ψευδῶν

179 1282 402 1358 terminante,
435 1282 612 1361 εὑρησιεπὴς.
645 1282 684 1348 In
717 1282 837 1355 bonam
870 1287 997 1370 partem
1024 1283 1156 1362 „sollers
1179 1282 1214 1346 in

178 1400 385 1468 inveniendis
416 1402 523 1468 verbis
555 1409 588 1469 et
620 1402 833 1469 carminibus''
865 1405 1023 1470 voeabulo
1056 1425 1133 1469 usus
1164 1409 1214 1470 est

178 1521 343 1588 Pindarus
367 1522 431 1608 (Ol.
457 1525 487 1589 9.
512 1524 578 1610 80).
602 1523 689 1590 Vide
709 1526 845 1613 praefat.
861 1529 879 1611 ξ
895 1529 925 1592 8.
950 1524 1004 1591 Ad
1020 1525 1155 1591 formam
1172 1527 1211 1591 of.

164 1647 375 1731 ἐὑρεοίκκκος,
391 1646 585 1730 εὑρεσΙλογος,
601 1647 808 1727 εὑρεοίπεχνος.
832 1646 915 1712 Oum
931 1647 1018 1722 -επνὶς
1035 1646 1215 1733 composita

180 1773 257 1833 sunt
296 1767 395 1833 etiam
434 1768 594 1838 voeabula
632 1769 737 1844 εὐεπνὶς
768 1769 873 1852 Xen,
905 1769 946 1833 D.
976 1768 1071 1853 Hal.,
1099 1767 1213 1855 Antip.

178 1889 404 1958 Thessalonie.
427 1887 559 1965 teverti
574 1891 674 1957 Hom.
698 1890 793 1955 Pind.
818 1890 1213 1967 ΑΠ11101.κοολλνεπνὶςΑτ.

146 2063 158 2069 -.
177 2013 312 2077 Thesm.
336 2012 390 2076 49.
415 2013 468 2076 60.
492 2011 603 2099 hipigr.
627 2011 738 2100 adesp.
764 2015 847 2091 497,
872 2013 945 2078 alia.
1194 2016 1195 2019 ’

225 2133 629 2216 εὐροπνδονροοποφοονίζω
656 2127 867 2222 „euripidisso
892 2142 925 2201 et
941 2133 1215 2222 aristophanisso’'

182 2246 239 2340 (Η.
274 2255 402 2342 Steph.)
433 2261 484 2320 est
515 2277 565 2343 ap.
597 2256 719 2320 Oratiu.
752 2257 790 2320 fr.
816 2258 899 2342 307,
923 2278 953 2321 v.
979 2257 1016 2320 2:
1040 2257 1085 2327 τίς
1108 2255 1137 2319 δὲ
1160 2257 1213 2340 ου’;

182 2377 297 2458 κομψός
337 2402 380 2449 τος
420 2378 505 2458 ἔροιτο
540 2378 653 2452 θεατής.
689 2377 940 2456 ὑπολεππολόνος,
980 2377 1214 2456 γυυμοδκὲκτνς,

177 2497 528 2580 εὔρνπνδονρνοποφκνίζυν.
574 2500 742 2586 signifieat
772 2500 911 2582 „imitari
935 2505 1002 2565 tam
1026 2499 1215 2587 Euripidem

183 2638 280 2702 quam
316 2619 600 2707 Aristophanem''.
636 2621 687 2686 De
725 2620 918 2686 formatione
949 2620 989 2686 ef.
1020 2618 1142 2701 βκκίζυ.
1174 2659 1216 2669 -

177 2737 268 2808 Vide
291 2742 393 2830 praef.
418 2741 436 2830 §
462 2745 490 2809 1.

228 2866 469 2946 εὐρύπρωκτος
497 2866 570 2952 „qui
597 2870 647 2930 est
666 2866 733 2931 lato
750 2865 882 2953 podice,
909 2863 1081 2930 einaedus'’
1098 2864 1218 2950 legitur

174 2988 271 3071 apud
306 2987 561 3074 Aristophanem
595 2987 630 3050 in
664 2987 751 3053 Nub.
787 3009 817 3050 v.
857 2987 950 3051 1084.
991 2987 1083 3050 1085.
1121 2986 1215 3049 1090.

167 3103 281 3174 1092.
309 3109 404 3174 1094.
434 3109 529 3172 1099.
552 3107 635 3172 Aeh.
662 3109 735 3171 716.
760 3107 891 3172 Thesm.
917 3108 999 3171 200:
1032 3104 1081 3169 κκὶ
1105 3106 1162 3182 μὴν
1181 3105 1217 3169 ου’

150 3227 215 3311 7’,
257 3227 278 3295 ὦ
308 3230 500 3307 κοοποὶπυρον,
533 3227 725 3309 εὐρύπρωκτος
761 3225 796 3296 εἶ.
830 3228 940 3295 Subst.
973 3227 1218 3307 εὐρυπρωκπίοο

144 3342 284 3439 Vesp.
315 3353 409 3416 1070.
434 3350 516 3415 Aeh.
543 3352 618 3414 843.
642 3350 734 3415 Idem
759 3356 808 3416 est
840 3350 1110 3431 χκυνδπρυκπος
1134 3347 1217 3412 Aeh.

139 3462 268 3555 104,
303 3473 384 3536 106:
416 3471 656 3553 χαυνοπρώκτους
688 3471 752 3543 ποὺς
778 3469 888 3542 Ἰοέονονς
912 3471 1010 3547 λέγει,
1036 3474 1069 3534 et
1092 3469 1218 3532 λοοκκό-

122 3602 205 3659 ⁷tp
226 3617 344 3665 ενκπος
380 3591 462 3658 Nub.
498 3595 593 3658 1330.
625 3592 837 3679 Cephisodor.
861 3593 899 3656 fr.
925 3594 963 3675 3,
987 3614 1018 3655 v.
1044 3592 1074 3654 4.
1107 3589 1218 3654 Subst.

115 3708 211 3768 λᾶε
232 3714 466 3796 κκοπρυκπίο
497 3714 617 3800 legitur
648 3737 698 3801 ap.
731 3713 872 3800 Eupolin
895 3713 930 3776 in
953 3713 991 3777 fr.
1016 3712 1099 3794 351,
1124 3732 1152 3775 v.
1180 3711 1217 3775 4:

112 3837 298 3910 πολλήν
327 3860 365 3914 γε
388 3836 627 3916 λοοκκοπρονκπίοον
651 3839 719 3912 ἡμῖν
743 3836 879 3900 ἕπίοποιο’
903 3834 994 3911 εὑρών.
1020 3832 1067 3898 Cf.
1091 3829 1220 3894 λοοκκό-

107 3954 150 3992 ⁷:
170 3969 214 4006 ε
235 3953 291 4020 δον
315 3987 356 4011 =
386 3954 565 4038 „scrotum”
583 3977 633 4043 ap.
654 3955 879 4042 Aristagoram
894 3955 929 4019 in
945 3955 983 4019 fr.
1001 3955 1031 4019 6.
1057 3951 1110 4016 sie
1126 3966 1219 4015 κκκκ-

100 4073 295 4152 ors->cm
332 4077 399 4162 (eui
432 4075 553 4160 ὅοχεος,
587 4082 745 4162 serotum,
779 4081 828 4140 est
860 4076 951 4162 quasi
982 4074 1104 4158 λάκκος)
1139 4075 1218 4138 Lue.

104 4167 272 4264 Lex,
299 4200 349 4264 12.
373 4197 424 4263 De
448 4198 682 4284 compositione
706 4198 938 4263 voeabulorum
961 4197 1040 4275 εὐρύ·
1064 4200 1097 4260 et
1111 4194 1220 4275 χκυνό-

97 4309 314 4393 ΖΓθ’ςιινκπος
340 4320 379 4386 ei.
403 4318 577 4399 βορδύκομος.
603 4321 642 4385 In
665 4340 745 4385 voee
770 4324 991 4399 κκκκόπρωκοορ
1014 4319 1100 4382 inter
1123 4339 1221 4384 mem·
