2836 4934
191 274 255 340 324
623 262 787 355 Τρυγῳδία.

189 517 279 584 ποίντ’
303 516 418 583 ἰήσεται
443 524 476 582 et
500 518 576 582 Pac.
594 517 669 583 535.
694 515 786 581 Idem
804 521 853 581 est
871 515 991 594 ὑλιστήρ
1007 512 1104 599 (Poll.
1123 517 1153 578 6.
1172 515 1229 598 19)

191 645 224 704 et
247 641 464 718 σακεκιστήριον
488 637 632 723 (Schol.).
657 637 805 702 Verbum
828 608 994 718 τρυγοιποῖν
1013 637 1115 703 habat
1132 635 1225 703 Suid.

190 761 394 826 Vocabulum
426 759 600 825 formatum
633 765 684 825 est
715 779 829 826 avoc.
853 758 924 839 προίξ
947 765 981 824 et
1004 759 1085 824 ίποῦν
1108 760 1229 844 (τρυγο-

191 885 286 965 ιπος),
310 881 384 947 vide
408 879 647 961 βδελλολοίρυγξ.
673 919 716 929 -
741 880 789 945 Of.
814 880 915 967 praef.
940 883 957 964 ᾗ
982 882 1042 944 39.

233 1003 409 1085 τρυγῳδία
441 1003 564 1069 dictum
593 1009 642 1068 est
666 1023 724 1090 pro
749 1003 884 1084 κωμῳδία
907 1002 967 1068 Ar.
992 1001 1075 1067 Aah.
1100 1005 1165 1067 499
1192 1009 1228 1067 et

189 1127 272 1190 500:
296 1127 328 1190 τὸ
351 1126 410 1204 γοὶρ
433 1125 538 1189 δίκαιον
561 1121 620 1189 οἶδε
644 1126 693 1189 καί
718 1124 872 1205 τρυγῳδία.
899 1123 951 1190 Sic
972 1124 1148 1204 τρυγῳδίς
1165 1145 1227 1210 pro

188 1247 321 1327 κωμῳδίς
344 1247 446 1333 Vesp.
471 1246 546 1310 650.
575 1247 657 1310 1537
691 1244 794 1336 etofr.
821 1245 903 1328 149,
927 1266 957 1309 v.
984 1246 1021 1310 9;
1048 1249 1148 1326 πρῶτα
1170 1244 1228 1321 μὲν

190 1368 349 1449 Σαννυρίων
371 1366 431 1432 οὶπδ
454 1372 510 1432 τῶν
533 1367 693 1450 τρυγῳδῶν,
717 1366 887 1445 τρυγικίς
911 1387 969 1452 pro
992 1365 1117 1442 κωμικός
1141 1366 1227 1431 Aah.

190 1491 272 1574 628,
296 1487 506 1568 τρυγῳδικίς
530 1508 587 1574 pro
612 1486 774 1567 καμῳδικίς
798 1486 881 1551 Ach.
907 1488 988 1551 886:
1012 1483 1094 1562 ήλίες
1111 1488 1227 1560 ποίεινή

188 1609 241 1685 μὲν
264 1608 443 1690 τρυγῳδικοῖς
467 1613 571 1688 χοροῖς.
596 1606 744 1672 Tandem
768 1606 1049 1689 τρυγοδαίμονες
1070 1607 1228 1674 dicuntur

189 1730 212 1792 oi
246 1728 451 1804 κακοδαίμονες
487 1728 625 1808 τρυγῳδοί
659 1749 684 1794 s.
719 1727 847 1808 κωμῳδοί
881 1729 967 1794 Nnb.
1001 1731 1084 1794 296:
1119 1731 1150 1795 οὐ
1182 1732 1228 1806 μή

188 1849 297 1930 σκώψει
321 1848 393 1925 μηδὲ
417 1849 541 1923 πονήσεις
564 1847 638 1928 ἅπερ
662 1849 685 1913 οἱ
709 1849 930 1928 τρυγοδαίμονες
946 1845 1030 1915 οὗτοι.
1056 1849 1103 1914 Of.
1121 1864 1227 1915 κοιλιο-

188 1972 299 2047 δαίμων
322 1994 346 2038 s.
371 1994 419 2054 v.‚
444 1971 632 2052 κρονοδαίμων
656 1992 738 2036 com.
763 1974 915 2037 anoni.
942 1973 1024 2056 665,
1049 1973 1226 2051 σοροδαίμων

189 2113 270 2156 com.
302 2112 398 2156 anon.
430 2093 450 2154 4
487 2094 569 2175 667,
601 2091 781 2168 κακοδαίμων
805 2093 978 2160 Stratonic.
1005 2115 1057 2180 ap.
1080 2093 1160 2159 Arh.
1191 2097 1223 2159 8.

190 2214 254 2276 352
270 2211 301 2276 b.
335 2212 442 2287 Quare
474 2212 642 2279 comoedia
672 2213 815 2294 τρυγῳδία
839 2212 961 2278 dictum
986 2215 1028 2279 sit
1052 2235 1118 2280 non
1142 2236 1223 2280 con·

189 2337 269 2398 stat:
302 2332 424 2397 Athen.
451 2334 479 2396 1.
506 2335 548 2396 40
564 2333 602 2417 b,
635 2334 711 2420 quia
738 2335 818 2399 κατνὶ
845 2335 893 2399 τδν
916 2344 968 2410 τής
991 2335 1100 2415 τρύγης
1124 2336 1224 2416 καιρόν

188 2452 327 2538 primunr
350 2453 485 2518 inventa
508 2459 568 2520 est.
594 2454 721 2520 Schol:
745 2455 792 2519 διὰ
816 2455 849 2520 τδ
873 2456 970 2535 τρύγα
992 2455 1117 2521 ἓταίκον
1140 2471 1227 2534 καμ-

187 2573 287 2651 βοίνοιν
311 2574 326 2648 ή
350 2573 396 2638 διὰ
420 2575 452 2638 τὸ
475 2573 559 2654 τρυγί
584 2573 714 2654 χρίεσθαι
739 2575 795 2648 τοὶς
818 2573 908 2655 ὄψεις.
934 2575 981 2640 Οί.
999 2575 1223 2642 Herodianum

188 2696 371 2783 peruncti
395 2694 573 2761 faecibus
598 2715 674 2760 ora.

217 2817 447 2900 «τρυγῳδικίς
471 2818 545 2884 vide
571 2841 594 2883 s.
619 2841 649 2884 v.
674 2817 828 2899 τρυγῳδία.

233 2939 617 3020 τρυγῳδοποιομουσική
651 2939 817 3026 Aristoph.
850 2939 888 3004 fr.
914 2941 997 3004 333:
1031 2934 1064 3013 ήν
1087 2940 1174 3018 μέγα
1198 2968 1227 3008 τι

188 3062 283 3142 βρῶμ’
316 3062 358 3126 ἔτι
393 3063 704 3143 τρυγῳδοποιομουσική
740 3061 780 3126 ab
816 3062 857 3125 H.
891 3060 1004 3149 steph.
1038 3063 1228 3149 explicatur

193 3184 335 3266 „musica
369 3182 526 3248 faciendis
562 3181 737 3247 comoediis
769 3180 935 3263 adhibita,
968 3182 1020 3247 vel
1052 3188 1228 3269 poetarum

190 3305 419 3387 comicorum'’;
436 3303 517 3368 nihil
533 3304 621 3368 aliud
638 3303 781 3371 indicare
797 3303 928 3370 videtur
943 3325 1041 3391 quam
1057 3305 1228 3391 τρυγῳδία,

189 3427 263 3491 vide
291 3450 314 3490 s.
339 3449 368 3490 v.
393 3425 517 3490 noce:
557 3432 646 3508 „crat
670 3447 748 3490 sane
772 3426 938 3491 fructuosa
960 3425 1227 3493 Atheniensibus

190 3547 390 3613 comoedia
420 3569 458 3611 eo
491 3546 656 3632 tempore'’
681 3569 749 3634 sqq.
774 3547 990 3628 Τρυγῳδοποιίς
1015 3553 1128 3612 extare
1157 3570 1229 3615 uon

189 3668 329 3752 videtur,
353 3667 495 3748 τρυγῳδίς
517 3668 592 3733 vide
609 3690 633 3732 s.
649 3690 680 3733 v.
697 3668 856 3750 τρυγῳδία,
878 3708 920 3718 -
944 3669 993 3735 uf.
1011 3669 1107 3756 praef
1129 3671 1149 3753 ξ
1167 3671 1181 3736 1
1199 3693 1229 3736 a.

234 3790 405 3873 τρυγῳδίς
429 3790 503 3856 vide
528 3813 552 3854 s.
578 3813 606 3854 v.
633 3790 788 3871 τρυγῳδία.

234 3913 344 3992 τρύμη
380 3913 495 3994 „tritus
527 3913 561 3976 in
592 3911 766 3976 versutiis’'
798 3912 920 3998 legitur
946 3912 1000 3978 Ar.
1024 3911 1111 3978 Nub.
1140 3915 1229 3982 448:

190 4031 306 4116 κύρβις,
329 4031 482 4111 κρόταλον,
508 4032 635 4108 κίναδος,
659 4033 763 4114 τριίρικ.
788 4032 924 4121 Proprie
948 4040 998 4098 est
1025 4034 1231 4116 „foramen”‚

190 4154 215 4218 is
243 4177 274 4240 q.
305 4156 360 4230 ίπή
392 4161 425 4219 et
447 4154 524 4219 inde
548 4154 588 4218 de
613 4176 651 4219 eo
677 4154 809 4240 dicitur,
835 4156 891 4242 qui
914 4177 971 4242 per
995 4156 1143 4245 quamvis
1171 4180 1233 4223 an·

191 4281 322 4360 gustum
354 4277 499 4342 foramen
530 4275 672 4363 effugere
696 4283 796 4364 queat
819 4275 909 4363 (Bb).
938 4277 1035 4342 Phol.
1062 4279 1137 4344 608.
1169 4282 1230 4347 15:
