2836 4934
652 245 779 312 Γλύκων.
1193 248 1233 310 ’ίῖ

198 489 356 580 (Sobel),
393 491 514 577 legitur
545 490 630 579 apud
663 491 830 578 Aristoph.
862 492 895 555 in
928 492 1002 556 Pae.
1036 514 1066 556 v.
1102 492 1181 558 193:
1214 487 1234 555 ὦ

200 614 370 695 γλίσχρων,
403 613 469 696 ύρρῖς
493 614 529 684 ύς
552 612 645 677 οὐκέτ’
668 607 740 677 είνοιι
763 635 804 676 σοι
828 611 898 676 δοκῶ
921 610 1124 695 μικροθτοιτος,
1149 609 1235 675 Vide

201 736 262 801 sub
294 758 324 801 v.
356 734 484 812 γλύκων.
518 733 592 799 Adi.
616 733 759 814 γλίσχρος
784 733 830 797 sio
854 736 1029 819 usurpatur
1052 731 1134 797 Aah.
1161 733 1235 797 452.

200 857 275 922 Pae.
301 858 374 921 482.
399 855 542 937 γλίσχρος
567 854 690 935 ἔροιστιίς
714 875 764 941 ap.
790 851 924 919 Luoian.
949 853 1032 918 rhet.
1057 873 1163 940 praee.
1180 853 1234 920 24.

199 979 344 1061 γλίσχρον
378 977 502 1055 βλέπειν
532 975 700 1065 Euphron.
733 997 813 1042 eom.
848 977 877 1040 4.
910 977 985 1040 493.
1018 976 1140 1062 (Etym.
1174 994 1234 1040 m.:

201 1103 344 1179 ἐπιθυμῶν
368 1099 575 1184 ἐφυβρίστως).
599 1101 750 1180 γλίχοροοιι
775 1097 901 1186 (cupio)
922 1099 1002 1163 Her.
1021 1101 1050 1162 3.
1068 1099 1118 1164 72.
1135 1096 1234 1161 Isoar.

202 1226 229 1290 6.
258 1226 329 1290 109.
354 1224 447 1288 Dem.
477 1226 527 1288 19.
553 1224 637 1307 226,
662 1223 704 1290 al.

245 1343 385 1423 γλύκων
420 1351 470 1412 est
506 1343 732 1424 ὑποκοριστικόν,
767 1341 952 1429 significans
987 1342 1071 1424 „mel
1103 1341 1234 1407 meum’'

201 1467 254 1532 vel
278 1466 382 1531 simile
407 1464 504 1552 quid,
530 1465 586 1530 Ar.
611 1465 697 1530 Eool.
724 1465 806 1528 985:
831 1463 878 1528 ε’πί
902 1471 954 1537 τῆς
978 1463 1115 1544 προτέρως
1138 1464 1234 1545 οίρχῆς

202 1611 238 1666 γε
270 1590 358 1654 τωῦτ’
375 1577 438 1672 ἦν,
471 1582 491 1651 ὦ
522 1585 649 1664 γλύκων.
673 1585 767 1651 Talia
790 1585 947 1651 voeabula
970 1585 1005 1649 in
1028 1586 1088 1650 -ίων
1110 1586 1163 1650 vel
1186 1611 1236 1650 -ον

203 1708 360 1774 exeuntia
383 1729 403 1772 a
426 1707 639 1772 substantivis
664 1712 698 1773 et
721 1707 889 1772 adieetivis
914 1706 1051 1773 formata
1075 1714 1151 1772 sunt
1167 1707 1236 1793 (de-

203 1829 426 1914 nominativa).
463 1829 511 1895 Of.
547 1828 728 1909 δειλακρίων,
763 1830 934 1909 μωλοικίων,
970 1829 1095 1911 πόσθων,
1124 1829 1233 1915 σοίθων,

203 1949 357 2032 γοίστρων,
389 1948 528 2029 πλοίτων,
560 1948 715 2035 κεΦοίλων,
747 1949 885 2034 Φύσκων,
912 1948 1041 2034 γνοίθων,
1065 1950 1233 2032 γλίσχρων,

202 2072 345 2158 σμύρθων,
369 2074 494 2158 τέχνων,
520 2074 633 2158 Φίλων,
656 2072 805 2151 πλούτων,
828 2073 971 2159 γλύκων,
989 2074 1094 2152 πίθων,
1112 2077 1233 2152 στίγων,

201 2194 315 2276 μύρτων
348 2199 443 2277 cett,
476 2195 609 2259 nomina
640 2196 774 2282 propria
803 2194 940 2276 Πλοίτων,
972 2200 1090 2280 Χείλων,
1121 2197 1233 2279 Χείρων,

203 2319 320 2401 Σίμων,
345 2314 473 2400 Γνοίθων,
499 2317 579 2401 alia;
603 2316 691 2404 apud
707 2317 843 2382 Latinos
861 2317 1016 2406 Capito,
1034 2318 1153 2397 Naso,
1170 2325 1233 2384 eta.

245 2435 376 2515 γλύξις
400 2437 487 2525 apud
510 2437 733 2524 Phrynichum
756 2439 791 2503 in
814 2438 850 2503 fr.
876 2442 917 2504 65
942 2445 976 2505 et
991 2440 1181 2527 Polyzelum
1196 2441 1231 2506 in

201 2558 237 2624 fr.
273 2562 330 2625 12:
361 2559 434 2624 ἀλλ’
463 2560 494 2624 ού
526 2560 651 2641 τρνγεροθ
682 2559 722 2624 τίς
752 2559 908 2643 φθέγγοιτ’
938 2561 999 2626 οὐδὲ
1022 2560 1165 2639 γλύξιδκς
1189 2564 1231 2629 ab

201 2681 377 2746 Athenaeo
415 2684 442 2745 1.
480 2682 553 2747 3le
588 2681 771 2768 explicatur
806 2681 819 2746 θ
854 2682 886 2746 τί
917 2681 1022 2763 {papa
1053 2682 1148 2768 ἔχων,
1184 2690 1236 2750 est

201 2801 302 2886 igitur
332 2800 462 2883 „vinum
487 2806 594 2892 musto
619 2800 753 2867 decocto
778 2802 948 2867 mixtum''.
973 2803 1101 2869 Dicitur
1125 2810 1235 2870 autem

201 2921 395 2987 vocabulum
427 2922 514 3009 apud
546 2922 769 3009 Phrynichum
801 2923 842 2989 de
875 2923 1055 3010 Sophocle,
1085 2927 1235 3013 quierat

202 3065 267 3110 non
291 3040 401 3123 γλύξις
422 3043 479 3110 sed
502 3042 647 3122 Πράμνιος
672 3041 730 3133 (sa.
753 3040 836 3130 σίνος)
861 3046 1040 3112 seeundum
1057 3049 1234 3134 comicum,

203 3162 222 3230 i.
254 3184 284 3228 e.
316 3167 415 3250 poeta
447 3163 598 3250 optimus.
630 3163 670 3228 In
700 3158 771 3229 loeo
803 3165 949 3253 Polyzeli
976 3167 1235 3253 intellegendum

203 3286 332 3352 videtur
354 3285 394 3351 τοὶ
418 3285 522 3350 tatto
546 3284 725 3352 seeundum
748 3285 871 3366 Koak⁸³
896 3309 1033 3374 quorum
1056 3308 1152 3354 voees
1169 3311 1235 3355 non

206 3414 295 3474 erant
318 3406 389 3489 τρύξ
412 3428 472 3473 nea
496 3405 619 3491 γλύξις,
645 3406 702 3472 sed
727 3407 887 3495 optimae,
912 3414 948 3472 ut
973 3407 1112 3473 videtur.
1148 3408 1235 3475 Vide

205 3531 338 3614 praefat.
371 3532 389 3614 ἓ
420 3533 450 3594 2.
475 3553 506 3594 οι.
532 3532 559 3594 1.
584 3528 632 3595 of.
657 3528 698 3593 ad
722 3549 789 3594 voe.
812 3529 1038 3607 γλευκοιγωγθς.
1070 3529 1178 3596 Etiam
1201 3531 1235 3596 in

205 3671 269 3720 voe.
295 3649 463 3734 τρνγερθς
486 3651 520 3716 in
545 3650 660 3718 eodem
684 3651 720 3717 fr.
745 3651 890 3739 Polyzeli
914 3652 1027 3718 eadem
1044 3653 1236 3740 metaphora

200 3771 286 3840 inest
327 3773 368 3840 de
407 3794 485 3839 vooe
524 3778 579 3838 τῶν
615 3774 751 3850 πκιθίων,
788 3774 875 3862 quod
911 3797 979 3841 voe.
1016 3777 1114 3843 etiam
1149 3774 1236 3862 apud

198 3895 306 3960 solum
331 3893 490 3959 comicum
514 3894 690 3962 invenitur.

251 4022 507 4093 γλωττοποιεῖν
524 4016 684 4081 obscoene
709 4037 783 4099 „ore
800 4018 994 4104 morigeror,
1010 4015 1121 4082 fello”:
1137 4033 1237 4095 γλωτ-

189 4145 323 4203 τοποιεῖν
347 4141 376 4210 ἔς
404 4138 444 4203 τοὶ
472 4136 579 4218 πορνεῖ’
602 4135 708 4202 εἰσιόνθ’
732 4137 872 4204 ἑκοίστοτε
895 4140 1015 4225 legitur
1038 4138 1125 4226 apud
1147 4140 1237 4204 Aris·

188 4259 380 4343 tophansm
410 4259 446 4324 io
477 4259 577 4346 Vesp.
610 4281 638 4326 v.
676 4262 769 4326 1283.
803 4260 872 4349 (sie
903 4260 996 4326 codd.
1029 4260 1062 4326 O.
1075 4262 1115 4326 R.
1129 4261 1159 4328 S.
1172 4261 1236 4345 V.).
