2836 4934
510 307 768 357 PRAthATIO.
1094 306 1158 357 XIX

125 534 182 599 sed
221 556 342 621 pausas
380 556 512 622 prorsus
552 555 652 600 novas
691 534 815 601 habent
854 535 968 600 oomioi
1004 535 1157 623 antiquae
1233 523 1235 528 ¹

125 656 312 722 comoediae
344 656 481 722 atticae:
514 656 673 743 plurimae
697 656 784 723 enim
809 677 939 740 earum,
964 677 1045 743 quas
1068 677 1159 720 usur·

125 784 224 866 pant,
264 779 304 843 ab
343 779 432 846 aliis,
453 799 582 867 quoque
622 779 833 866 scriptoribus
868 778 1035 845 adhibitae
1071 783 1157 843 eunt.

126 900 331 966 Comioorum
348 905 459 965 autem
473 893 623 988 propriae
637 906 731 965 sunt:
748 902 893 989 νίταοοαῖ,
909 900 1027 966 diasat
1036 950 1044 984 ,
1061 898 1158 977 αἰβοῖ,

125 1019 165 1087 αὖ
181 1017 237 1100 αὖ,
253 1019 398 1098 βαβαιοίξ
405 1071 415 1106 ,
431 1019 631 1105 ίατταταιοίξ,
648 1021 690 1098 βῆ
699 1070 708 1105 ,
724 1020 897 1101 operarent}
906 1072 916 1102 ‚
931 1019 1019 1102 εῦρίιξ
1036 1019 1157 1106 οιατνίξ,

126 1143 143 1218 ἢ
167 1141 202 1218 ἢ,
226 1140 323 1223 opem
347 1140 551 1226 (adverbium
574 1141 843 1230 adhortationis),
867 1142 975 1226 ἰαιβοῖ,
998 1141 1068 1226 ίβιί,
1091 1143 1159 1229 ίαῦ,

124 1264 286 1350 ίατταταί,
310 1263 372 1349 teo,
389 1264 545 1341 ίτταταῖ,
562 1262 669 1348 κίκκν,
685 1263 746 1340 κοί,
763 1262 852 1350 κονίξ,
871 1263 914 1341 μῦ
929 1270 991 1342 μῦ,
1008 1261 1158 1339 ταττοίξ,

125 1392 339 1461 ταταταταί,
364 1383 609 1472 τατατοίτταξ,
635 1384 651 1450 ῦ
676 1381 693 1450 ri
703 1438 712 1461 ‚
729 1391 791 1467 φῦ,
808 1385 867 1450 ὠόπ
885 1390 919 1451 et
935 1386 1072 1451 fortasse
1088 1385 1160 1450 alia.

171 1511 188 1593 ξ
213 1510 242 1572 7.
291 1507 437 1601 Septima
453 1508 564 1573 elassis
581 1509 623 1573 sit
640 1529 696 1591 oa,
712 1508 747 1572 in
760 1530 857 1597 quam
873 1508 1030 1574 nomina
1046 1507 1160 1573 demi·

126 1629 266 1696 nntiva
290 1630 392 1716 eoegi.

171 1754 264 1820 Haeo
294 1754 453 1819 voeabula
486 1773 552 1818 non
576 1757 705 1818 tantum
729 1752 770 1817 ad
795 1751 972 1819 notandam
996 1773 1064 1817 rem
1087 1772 1159 1839 par·

128 1900 202 1945 vam
227 1900 247 1942 a
270 1878 400 1943 oomiois
424 1876 621 1943 adhibentur
645 1875 861 1962 (deminutiva
876 1876 1025 1964 propria,
1042 1876 1161 1963 quibus

128 1997 230 2083 igitur
260 2017 338 2062 vera
368 1997 455 2062 inest
484 1998 615 2081 μείονας)
640 2017 752 2062 vorum
777 1996 876 2061 etiam
900 1996 941 2061 ad
965 2017 1017 2062 res
1040 1995 1160 2062 blande

128 2122 163 2182 et
193 2117 407 2197 ὑποκοριστικῶς
431 2117 661 2204 exprimendas
685 2116 902 2202 (deminutiva
926 2118 1063 2202 blanda,
1088 2119 1158 2206 qui·

127 2240 189 2304 bus
218 2239 305 2304 inest
334 2241 389 2326 qui
412 2240 541 2328 proprie
565 2239 683 2304 dieitur
706 2237 917 2324 ὑτοκοριομίς).
963 2240 1160 2304 Termina-

128 2363 256 2427 tiones
280 2367 409 2445 autem,
434 2362 552 2449 quibus
575 2361 689 2426 comici
706 2360 935 2426 informandis
952 2360 1161 2427 deminutivis

129 2483 179 2548 usi
203 2487 298 2568 sunt,
323 2503 390 2548 sex
414 2488 490 2548 sunt
514 2503 669 2566 numero,
693 2481 761 2546 soil.
782 2484 810 2546 1.
835 2506 913 2568 -ιον,
938 2504 1002 2570 qua
1024 2482 1163 2548 formata

129 2610 206 2671 sunt
229 2626 269 2670 ea
292 2627 422 2693 quoque
447 2605 667 2692 deminutiva‚
692 2626 775 2694 quae
800 2606 840 2672 de
866 2607 966 2694 stirpe
989 2607 1024 2671 in
1045 2606 1164 2672 alitte-

130 2746 199 2790 ram
230 2730 375 2791 exeunte
399 2724 538 2791 oriunda
561 2730 655 2812 sunt,
681 2746 829 2814 quaeque
854 2748 928 2792 oum
952 2726 1163 2793 deminutivis

128 2847 164 2912 in
187 2846 266 2913 -ίδιον
289 2847 382 2913 faoile
407 2847 661 2932 confunduntur,
686 2851 717 2913 2.
743 2848 859 2928 -ίδιιν,
886 2850 976 2914 ouius
993 2849 1096 2936 prima
1111 2849 1163 2914 lit·

130 2974 201 3035 tera
233 2968 398 3035 interdum
429 2990 502 3034 oum
534 2969 655 3053 vocali,
687 2970 720 3033 in
752 2991 847 3056 quam
872 2970 941 3034 exit
966 2990 1103 3053 nomen,
1128 2970 1163 3033 in

131 3089 348 3177 diphtongum
364 3089 417 3156 vel
428 3090 559 3175 longam
571 3090 717 3156 vocalem
730 3096 805 3173 coit,
823 3093 852 3154 3.
867 3090 989 3175 -οίριον,
1007 3093 1037 3156 4.
1051 3091 1162 3162 -ίοκοι

130 3213 227 3296 (eaor
252 3217 285 3276 et
308 3213 411 3295 -οκκ),
439 3212 467 3276 5.
487 3212 553 3294 -ίς,
581 3214 609 3275 6.
628 3211 757 3295 -ιδειίς,
783 3212 899 3299 quibus
920 3211 1071 3278 addenda
1087 3219 1163 3277 sunt

131 3355 171 3399 ea
194 3334 343 3415 nomina,
370 3353 452 3421 quae
476 3332 591 3397 oomioi
608 3332 782 3420 dupliciter
798 3331 1037 3398 deminuerunt.
1063 3333 1163 3398 Ouius

131 3453 260 3540 generis
295 3489 338 3501 -
374 3451 460 3540 quod
495 3451 536 3516 ad
572 3453 741 3518 notionem
776 3453 828 3518 vel
858 3453 994 3518 formam
1027 3490 1066 3500 -
1100 3453 1165 3517 sint

135 3575 339 3642 deminutiva
362 3575 506 3661 singula,
531 3575 591 3639 sub
616 3596 746 3663 quoque
770 3574 929 3640 vocabulo
953 3575 1074 3639 monui.
1099 3574 1164 3641 De·

133 3698 293 3763 minutiva
323 3701 434 3762 autem
465 3696 595 3761 oomiois
626 3695 756 3783 propria
779 3696 814 3760 in
838 3696 972 3783 antiqua
995 3694 1164 3760 oomoedia

133 3820 233 3885 attica
256 3819 367 3884 inveni
390 3819 505 3883 haeoe:

178 3943 318 4014 οίοκιδιον,
343 3939 543 4024 νίμΦορείδιον,
567 3939 681 4025 δαλίον,
706 3939 890 4023 οίδειιφίδιον,
913 3939 1070 4020 βοιδοίριον,
1086 3963 1164 4018 γαν-

133 4062 250 4144 τρίδιον,
274 4063 431 4143 νντνίριον,
456 4060 584 4139 δικίδιον,
602 4060 825 4144 δικαστηρίδιον,
843 4059 999 4139 radiosa,
1016 4059 1162 4145 ζωμίδιον,

133 4183 351 4261 ἡμιδιπλοίδιον,
397 4182 589 4261 ἡδοναίτινν,
634 4183 767 4268 ἡλίσκος,
809 4182 972 4268 ίριδοοκινίς,
1012 4183 1162 4270 ίρανίδιον,

131 4304 322 4382 ίνλακίτκοι,
362 4303 506 4388 ίνμίδιον,
541 4303 716 4384 ἱερακίσκος,
751 4303 900 4385 ίοχιίδιον,
936 4307 1044 4391 κιοτίς,
1082 4330 1164 4371 κοτυ-
