2836 4934
586 1166 658 1289 Α..

143 1479 279 1558 ”afluit
315 1502 391 1563 „vac
416 1481 484 1547 sive
507 1481 762 1548 instrumentum
786 1484 1030 1570 coquinarium”
1054 1486 1134 1572 legi·

101 1607 156 1666 tur
184 1600 270 1688 apud
294 1600 465 1667 Cratinum
488 1603 522 1666 in
545 1604 583 1667 fr.
612 1605 670 1670 86:
700 1604 824 1668 ἕτεῒοκε
851 1605 991 1683 βκλόοων
1014 1604 1132 1682 ciliano.

102 1725 142 1790 cf.
166 1725 248 1790 Poll.
270 1727 422 1790 10.105:
447 1724 555 1803 ἄβυκοο
578 1724 627 1790 δἐἰ
651 1726 766 1803 βούλοιό
791 1752 816 1791 το
841 1732 896 1791 τῶν
919 1733 969 1792 τοῦ
994 1727 1135 1808 μαγείρου

90 1852 207 1910 υκευῶν
231 1854 343 1931 κυκλεῖν,
367 1847 581 1928 προσχρηστέον
604 1871 645 1912 σοι
668 1849 806 1928 Κροτόυῳ.
834 1849 917 1914 Aliis
935 1849 1133 1933 notionibus,

103 1968 216 2054 quales
248 1973 324 2032 sunt
359 1968 491 2050 „tabula
523 1968 747 2052 calculatoria,
779 1969 951 2053 aleatorio,
982 1969 1073 2033 locus
1101 1969 1134 2032 in

101 2091 249 2172 theatro,
276 2089 340 2153 al.”
365 2090 531 2154 invenitur
554 2111 619 2154 vox
642 2090 834 2176 pracsertim
854 2089 940 2176 apud
957 2090 1133 2176 aequiores.
1249 2116 1252 2120 ·

102 2212 143 2276 cf.
168 2211 304 2299 praefat.
328 2212 346 2294 ξ
371 2213 390 2275 3
414 2213 439 2274 ό.

138 2330 459 2413 ,ἀβελτεροκόκκυξ
482 2331 568 2418 apud
591 2332 764 2397 Platonem
786 2331 821 2395 in
837 2331 874 2396 fr.
893 2333 935 2394 64
952 2353 982 2396 v.
1000 2333 1019 2394 3
1037 2330 1134 2416 signi-

103 2454 181 2519 ficat
215 2453 381 2518 hominem
420 2453 575 2534 „stultum
606 2457 641 2517 et
671 2451 829 2518 vanum”:
866 2450 1135 2535 ,ἀβελτεροκόκκυξ

105 2575 207 2650 ἠλόόοος
231 2572 437 2655 τεροέρχετοιο”
454 2573 557 2638 Bekk.
575 2573 700 2639 Anecd.
719 2576 771 2656 27,
789 2574 850 2639 24:
868 2571 1132 2653 ἀβελτεροκόκκυξ·

103 2696 262 2777 ἀβέλτερος
285 2696 334 2760 aul
358 2697 454 2767 κενός·
480 2694 612 2771 κόκκυροο
635 2694 754 2772 λέγουσι
778 2693 825 2758 τόν
848 2694 926 2758 κενόν
945 2692 994 2757 acl
1017 2698 1133 2788 κοῦφον.

104 2815 210 2892 κόκκυξ
241 2817 341 2903 igitur
371 2816 458 2904 apud
490 2816 632 2882 Graecos
663 2816 786 2880 indicat
816 2816 921 2880 virum
954 2835 1073 2880 vanum
1102 2819 1135 2878 et

105 2947 296 3026 ventosum,
329 2942 367 3007 cf.
400 2941 457 3007 Ar.
490 2940 572 3006 Ach.
599 2943 680 3007 598:
706 2939 923 3021 ἐχεκροτόυκοοον
946 2939 1005 3019 yolo
1029 2963 1068 3013 με
1094 2976 1133 2984 -

104 3061 244 3139 κόκκυγές
267 3084 305 3138 γε
328 3067 411 3139 τρεῖς.
437 3061 519 3128 Voc.
543 3061 702 3140 ἀβέλτερος
725 3061 747 3127 i.
772 3083 802 3147 q.
828 3061 930 3136 ἠλίθιος
946 3060 1067 3146 legitur
1083 3081 1135 3146 ap.

105 3183 161 3249 Ar.
186 3183 274 3249 Nub.
302 3184 396 3248 1201.
421 3182 519 3250 Alex.
543 3182 581 3247 fr.
606 3184 689 3268 245,
716 3184 745 3246 7.
771 3181 925 3247 Menand.
949 3183 986 3246 fr.
1012 3184 1087 3263 385,
1105 3183 1135 3248 4.

106 3305 200 3370 Dem.
234 3307 265 3369 9.
292 3307 342 3368 14.
375 3304 581 3370 Vocabulum
611 3303 861 3384 ἀβελτεροκόκκυξ
893 3304 1004 3369 referri
1027 3308 1137 3391 potest

107 3427 145 3491 ad
177 3428 359 3515 composita
391 3427 641 3493 determinativa
668 3427 877 3511 attributiva‚
903 3447 1040 3513 quorum
1062 3447 1137 3513 pare

108 3551 192 3635 prior
228 3549 425 3615 adiectivum
461 3555 530 3632 est,
565 3550 604 3613 cf.
637 3549 853 3630 χουνοτολότκς
877 3548 912 3632 (ἰ.
936 3569 964 3613 e.
988 3549 1001 3612 ὅ
1027 3550 1137 3629 χουνός

110 3673 241 3755 πολίτης)
273 3671 330 3736 Ar.
364 3671 446 3737 Aah.
473 3673 547 3738 635.
579 3668 729 3746 κολόκυμοο
760 3673 794 3756 (i.
827 3692 855 3735 e.
879 3669 912 3734 τό
937 3669 1019 3735 κόλον
1041 3672 1137 3755 κῦμα)

112 3790 164 3855 Ar.
195 3791 256 3876 Eq.
291 3792 365 3855 692.
398 3790 451 3856 Sic
481 3791 544 3856 hoc
575 3813 645 3857 voc.
678 3797 745 3857 est:
782 3792 803 3855 ό
830 3790 988 3871 ἀβέλτερος
1020 3789 1137 3868 κόκκυξ.

113 3907 284 3975 Praeterea
306 3901 347 3976 cf.
371 3909 506 3995 praelat.
530 3912 548 3994 ξ
575 3912 642 3986 ly.

153 4029 344 4108 ἀγυλοξόκ
371 4031 482 4112 „lactis
506 4032 664 4117 penuria’'
687 4032 744 4115 (H.
770 4031 898 4118 Steph.)
915 4032 1036 4117 legitur
1052 4031 1139 4119 apud
1190 4080 1193 4085 -

119 4147 320 4217 Automatam
344 4151 377 4215 in
401 4151 438 4214 fr.
464 4152 501 4217 3:
534 4151 637 4233 „dccccl
663 4152 690 4216 δὲ
715 4151 919 4233 βλκχοόζουσιυ
935 4153 995 4216 ’ὑπ’
1017 4154 1139 4229 awau-

121 4263 195 4342 ξόκς”
226 4269 330 4337 Bekk.
360 4269 485 4335 Anecd.
512 4272 586 4336 336.
612 4272 672 4337 26:
696 4271 887 4348 οἰγοιλοοκτίοο.
911 4271 994 4336 Poll.
1020 4274 1050 4338 3.
1075 4272 1134 4337 50:

1021 4389 1035 4438 l
