2836 4934
192 282 254 343 144
586 283 821 361 Ἡμιδιοιλοίδιον.

234 525 491 600 ἡμιδιπλοίδιον
529 528 722 610 „amiculum
762 527 942 594 muliebre’'
976 529 1098 616 legitur
1134 528 1223 616 apud

189 645 443 735 Aristophanem
478 650 512 713 in
546 649 634 717 Eacl.
658 673 688 714 v.
714 652 796 716 318:
829 650 979 729 λιιμβιίνοι
1011 650 1090 717 τουτί
1113 651 1147 714 τὸ
1170 661 1224 726 τῆς

188 769 323 844 μονοιικὸο
359 769 574 848 ἡμιδιπλοίδιον.
610 770 737 837 Schol.:
774 773 806 838 τδ
842 779 1004 849 μννοιικεῖον
1038 772 1171 851 ίμοίτιον,
1207 773 1223 847 ἡ

188 890 366 965 οίνοιβίλοιιον
388 898 542 969 μννοιικῶν.
567 894 734 959 Διοιλοΐδιον
758 895 879 981 legitur
903 894 989 982 apud
1014 896 1097 960 Poll.
1124 897 1154 959 7.
1180 896 1223 959 49

189 1016 222 1075 et
245 1010 371 1088 διπλοίς,
396 1013 570 1078 amiculum
594 1014 798 1101 cynicorum,
830 1014 943 1102 Antip.
970 1013 1037 1081 sid.
1063 1016 1105 1078 80
1131 1014 1235 1098 (VII.

189 1134 246 1217 65)
268 1135 415 1220 (gramm.
440 1133 576 1224 δίπλκξ).
602 1135 650 1201 of.
675 1136 808 1218 διπλοίζει
827 1134 988 1225 (duplico)
1011 1137 1130 1202 Aesah.
1157 1138 1222 1223 Ag.

190 1256 264 1319 809.
290 1295 332 1304 —
356 1255 442 1324 Vide
465 1257 601 1345 praefat.
626 1261 643 1343 ξ
668 1260 698 1323 7.

234 1377 414 1454 ἡμικάκως
446 1376 577 1445 adverb.
610 1410 651 1433 =
678 1380 800 1465 ,,μο’λις,
836 1381 1065 1448 mediocriter‘’
1100 1382 1223 1468 legitur

188 1497 275 1586 apud
305 1498 561 1586 Aristophanem
591 1500 624 1564 in
656 1501 786 1566 Thesm.
820 1523 849 1565 v.
883 1502 965 1568 449:
999 1504 1068 1574 τέως
1097 1503 1151 1578 μὲν
1175 1499 1223 1568 οὖν

187 1625 259 1688 ἀλλ’
289 1623 437 1699 ἡμικάκως
468 1622 641 1700 ἐβοσκόμην.
676 1623 727 1687 De
759 1621 821 1687 adi.
855 1624 996 1699 ἡμίκοικος
1028 1622 1067 1687 af.
1084 1618 1221 1689 Pullus.

190 1746 219 1807 6.
256 1746 334 1811 161;
371 1745 510 1821 ἡμίκιικον
544 1744 573 1808 δὲ
607 1745 765 1820 Εὐκλείδης
789 1744 870 1819 λέγει
894 1744 943 1810 κιιί
968 1749 1133 1825 Σοφοκλῆς.
1171 1745 1222 1810 Of.

188 1865 288 1953 Soph.
311 1865 349 1930 fr.
374 1866 571 1933 885.>Alsx.
596 1867 627 1931 3.
653 1868 728 1930 387.
760 1865 905 1930 Plurima
936 1865 1116 1952 composita
1148 1887 1222 1930 oum

187 2007 257 2052 voa.
289 1987 340 2062 ἡμι
365 2023 406 2034 -
431 1985 522 2051 dabit
552 1986 673 2050 Pollux
704 1985 751 2075 (6.
786 1986 850 2049 160
881 1991 915 2050 et
949 1986 1035 2069 161).
1059 2023 1103 2035 —-
1134 1984 1238 2052 Vide:

187 2108 282 2195 praef
300 2113 322 2173 t.
337 2111 368 2193 ⁴§
395 2109 434 2172 10
451 2132 481 2172 οι.

206 2230 425 2313 ,·’ἡμίκροιιροι
450 2228 606 2324 „dimidia
629 2228 744 2316 capitis
767 2225 860 2315 pars'’
882 2226 1004 2314 legitur
1028 2224 1114 2313 apud
1130 2226 1222 2293 Aris·

189 2351 366 2439 tophanam
396 2351 430 2415 in
461 2349 591 2416 Thesm.
620 2370 661 2413 v.
676 2349 759 2414 227:
784 2347 881 2412 οὔκουν
905 2346 1134 2425 κοικοιγίλοιοτος
1156 2347 1222 2422 δῆτ’

186 2474 243 2537 ἕοιι
266 2476 318 2547 τὴν
341 2470 510 2550 ἡμίκροιιροιν
534 2473 585 2545 νὴν
608 2469 705 2548 ἓτίροιν
728 2470 817 2548 ψιλὴν
840 2470 933 2553 ἔχων;
951 2472 985 2533 et
1001 2466 1087 2554 apud
1103 2466 1220 2554 Amip·

187 2592 268 2657 siam
300 2592 351 2681 (fr.
384 2594 438 2677 7.).
470 2590 700 2678 Aristophanis
730 2589 769 2654 fr.
801 2591 883 2654 951:
915 2589 1061 2669 ἐψίλοτκί
1092 2613 1140 2661 τις
1168 2589 1220 2663 τὴν

185 2715 284 2792 ἑτέροιο
307 2715 476 2793 ἡμίκραιραν
500 2711 632 2778 secund.
658 2711 762 2778 Kock.
787 2709 952 2776 detortum
976 2714 1026 2774 est
1049 2709 1238 2775 eThesm.‘

186 2857 216 2901 v.
257 2837 339 2920 2273
378 2835 417 2899 cf.
457 2835 623 2911 ἡμίκροινον.
649 2864 690 2888 =
729 2831 946 2914 ἡμικεφοίλοιιον
980 2831 1102 2917 Phryn.
1141 2832 1217 2896 328.

186 2954 330 3041 Hesyah.
359 2955 549 3042 Formatum
576 2960 627 3020 est
649 2954 844 3018 vocabulum
867 2952 1219 3018 ut'adieativum'Ho·

186 3077 341 3143 meriaum
375 3076 561 3160 δρίίκροιιρος,
598 3075 685 3162 quod
717 3075 879 3162 significat
902 3075 967 3153 ὀρίδι
990 3073 1100 3154 κίρκοιο
1122 3074 1224 3161 ἓχιον,’

186 3199 285 3263 boum
316 3204 356 3264 et·
380 3199 521 3264 navium.
536 3197 724 3284 epithst0n3
748 3218 944 3284 quamquam
969 3197 1119 3262 notionis,
1134 3196 1241 3261 ratio>

185 3319 311 3383 facilius
334 3324 445 3406 posset
469 3317 643 3406 explicari,
667 3317 694 3382 si
717 3339 752 3383 re
768 3326 936 3384 veranum
952 3319 1095 3406 antiquis
1113 3321 1230 3406 gram-'

185 3441 312 3505 matiois
339 3461 466 3507 sumere
489 3439 603 3506 liceret
626 3441 775 3506 extitisse
798 3441 962 3528 quondam
988 3443 1088 3518 snbst.
1112 3449 1219 3523 κρκῑρμ

187 3592 227 3616 =
253 3561 328 3642 κοιροί
352 3592 392 3616 =
416 3562 548 3643 κεφοιλὴ.
572 3561 623 3629 Of.
646 3561 780 3647 praefat.
803 3563 821 3646 ᾗ
846 3563 902 3627 36.

208 3687 417 3762 ,ἡμίλοντος
454 3684 660 3772 „semilotus”
694 3686 815 3771 legitur
845 3684 932 3771 apud
962 3684 1133 3749 'Cratinum
1161 3685 1234 3769 (fr.

186 3809 279 3896 416).
313 3808 396 3873 Poll.
430 3810 460 3874 6.
488 3810 567 3872 161:
607 3807 772 3899 „inlaturos
803 3806 831 3870 δὲ
862 3814 999 3886 Κροινῑνος
1031 3806 1141 3887 είρὴκε,
1166 3809 1216 3872 asi

187 3927 339 4002 Φιλύλλιος
363 3930 554 4005 ἡμιπλεκτοι,
580 3927 759 4005 ἡμιμοίοὴτοι
783 3929 812 3992 δὲ
835 3929 967 4013 Κροίτκς,
987 3931 1036 3993 κοιί
1060 3930 1220 4010 ἡμιφιοοιί·

185 4075 238 4116 νιιν
262 4050 506 4133 Ἀριστοφιίνκς”.
531 4050 580 4115 Of.
604 4048 725 4122 ίιλοντος
749 4051 806 4116 Ar.
831 4050 891 4137 Eq.
919 4052 1013 4115 1061.
1039 4052 1216 4134 Av.1554.

159 4170 160 4174 ’
184 4174 261 4241 Eur.
284 4174 333 4239 El.
353 4175 448 4238 1111.
473 4173 572 4238 Plura
595 4193 736 4259 compos.
760 4192 833 4236 cum
855 4172 920 4246 ἡμι·
935 4171 1010 4237 vide
1026 4171 1114 4259 apud
1130 4172 1217 4238 Poll.

186 4301 217 4363 6.
245 4300 306 4362 160
330 4320 377 4384 sq.
