2836 4934
521 297 733 376 Ἀλιβοένωτος.
1104 303 1142 366 13

116 536 181 625 (ed.
212 537 332 626 Koch.)
365 541 421 605 ubi
446 540 551 606 Schol.
574 542 661 608 Nub.
688 545 769 608 663:
799 544 846 625 ,,ε’ν
870 543 923 608 aa
948 541 980 619 ἦν
1003 543 1072 609 τότε
1094 545 1145 609 καὶ

113 664 165 735 τήν
195 662 310 735 θήλειαν
341 663 520 742 ἀλεκτρυόνα
552 661 710 750 καλεῖν”),
742 664 911 730 Aristoteli
944 665 1144 747 „arsuram

113 783 249 868 Legitur
280 788 390 849 autem
420 784 615 866 οἱλεκτρύαινα
647 786 704 851 Ar.
736 784 823 854 Nub.
849 788 928 863 666,
955 788 1034 870 667,
1060 789 1143 869 651,

114 903 195 968 852:
220 903 304 968 ἄλλα
327 905 412 980 τήνδε
434 905 487 982 μέν
509 913 610 970 καλεῖν
633 905 861 991 ἀλεκτρύαιναν,
887 906 995 972 τουτονὶ
1018 907 1040 972 δ’
1057 908 1143 972 οὶλέκ·

111 1046 191 1104 τορα.
215 1022 254 1088 cf.
278 1024 412 1110 praefat.
436 1027 453 1109 ξ
480 1028 494 1089 1
513 1049 546 1110 ν,
571 1026 1144 1113 θέ1700961119ἱχένοτώλαινα,κνρύ-

112 1169 213 1230 καινα,
238 1145 454 1230 συκοφάντρια,
480 1147 597 1212 similia
621 1145 770 1236 (nomina
792 1147 949 1213 feminina
972 1169 1055 1235 quae
1071 1170 1143 1236 per-

112 1288 225 1334 sonam
248 1270 390 1357 aliquam
413 1270 601 1336 femininam
624 1270 795 1355 indicant).
818 1271 942 1336 Vocab.
967 1271 1141 1336 formatum

112 1390 226 1454 estad
250 1392 433 1480 analogiam
455 1414 524 1458 voc.
548 1392 667 1479 λέαινα,
692 1391 851 1471 θεράπαινα
876 1398 951 1459 cett.

156 1513 381 1590 ἀλιβάνωτος
405 1513 479 1580 vide
503 1513 544 1580 ad
568 1534 637 1579 voa.
661 1512 874 1595 ἄσπλαγχνος.

154 1634 330 1713 οὶλιμέδων
346 1636 445 1718 „mari
461 1635 643 1724 imperans”
655 1635 777 1722 legitur
789 1635 875 1722 apud
887 1635 1141 1722 Aristophanem

111 1755 144 1819 in
175 1756 305 1821 Thesm.
337 1779 367 1820 v.
400 1760 482 1823 323:
515 1759 612 1823 πόντιε
640 1757 728 1834 σεμνὲ
751 1755 882 1824 Πόσειδον
905 1758 1041 1836 ἁλιμέδον
1064 1759 1085 1821 i.
1111 1780 1141 1845 q.

110 1878 289 1955 ποντομέδων
311 1879 411 1966 Vesp.
440 1880 533 1947 1531.
558 1880 655 1946 Pind.
680 1879 730 1945 Ol.
756 1882 786 1945 6.
813 1881 887 1948 103.
911 1879 1029 1945 Aesoh.
1048 1880 1138 1966 sept.

116 2001 189 2063 122.
229 2000 268 2064 cf.
307 2001 532 2075 θαλαττομέδων
570 2000 725 2082 Ncnnus,
761 2000 959 2086 Dionysiaca
993 2002 1045 2065 21.
1079 2003 1138 2086 95,

112 2121 368 2198 οαλαστομέδοιοα
398 2121 484 2206 (fem.
518 2121 600 2205 dor.)
632 2121 691 2187 Ἰνώ
716 2143 766 2208 ap.
792 2122 940 2187 Alcman.
965 2122 1015 2186 De
1038 2121 1142 2187 forma

113 2242 152 2306 cf.
184 2243 348 2326 ρὀδοφοέτκς.
396 2243 542 2308 Conferri
569 2243 667 2308 etiam
690 2248 828 2329 possunt
851 2242 997 2324 οὶλικρεέων
1021 2243 1141 2328 (Euat.)

113 2371 147 2429 et
176 2362 339 2447 οὶλινροέτωρ
371 2367 472 2452 (poet.
504 2365 657 2450 sequior.)
689 2370 723 2430 at
754 2363 795 2428 ad
826 2363 960 2429 formam
984 2364 1141 2445 εὐρυμέδων

110 2485 206 2554 Pind.
240 2486 289 2551 01.
324 2489 354 2554 8.
387 2486 439 2551 31.
467 2487 505 2551 Ρ.
530 2490 561 2552 3.
586 2489 624 2569 4,
650 2491 683 2550 et
706 2485 852 2564 ὑψιμέδων
875 2485 954 2551 Hes.
978 2485 1039 2550 Th.
1064 2486 1139 2550 529.

109 2607 205 2672 Pind.
229 2608 269 2672 N.
291 2609 391 2671 219.
415 2607 560 2681 οὲλιμέδων
585 2614 641 2672 aut
665 2628 684 2671 a
708 2607 830 2672 comico
853 2607 965 2671 fiotum
989 2611 1056 2689 est,
1080 2612 1137 2671 aut

109 2749 152 2793 ex
175 2728 344 2815 deperdito
369 2729 482 2814 tragici
504 2729 638 2816 lyricive
662 2734 779 2816 poetae
801 2729 873 2793 loco
898 2726 1091 2793 derivatum.

154 2849 342 2931 αλινδήέροι
372 2852 501 2937 proprie
536 2850 761 2929 „volutabrum
794 2850 970 2937 equorum”
1003 2872 1028 2914 s.
1062 2851 1142 2915 κατοὶ

108 2970 208 3047 asra
243 2972 386 3052 nostrapte
422 2971 558 3055 (Euat),
594 2971 813 3058 metaphorice
845 2976 1021 3058 usurpatur
1054 2972 1141 3058 apud

108 3095 363 3181 Aristophanem
387 3094 421 3159 in
445 3095 528 3160 Ran.
551 3115 581 3158 v.
607 3096 688 3158 904:
722 3093 863 3158 τνοκεδιῖν
887 3094 1002 3166 τολλιὶς
1027 3093 1142 3168 ἀλινδή-

109 3219 176 3294 θρας
200 3217 292 3300 ἑτῶν,
316 3217 372 3281 ubi
395 3215 653 3301 intellegendum
677 3220 727 3281 est
751 3215 792 3280 de
815 3215 921 3301 longis
947 3214 1050 3280 doctis
1067 3216 1140 3280 sub·

110 3336 287 3424 tilibusque
311 3337 605 3423 disquisitionibus,
632 3337 781 3424 qualibus
805 3337 957 3423 frequens
977 3343 1028 3403 est
1049 3339 1141 3404 Euri·

109 3457 203 3544 pides
226 3457 422 3545 (Blaydes.),
447 3457 570 3524 Schola
596 3458 811 3535 λεττολονέας,
830 3458 943 3530 τλοκοδς
959 3464 1009 3524 τοῦ
1024 3460 1139 3539 Ripal-

110 3578 166 3644 δον.
197 3579 397 3645 Terminatio
429 3581 494 3658 -έρα
518 3579 678 3666 significat
706 3601 780 3644 eum
804 3580 916 3644 locum¹
936 3579 991 3644 ubi
1016 3579 1140 3665 aliquid

111 3701 182 3767 fieri
205 3702 295 3766 solet.
320 3701 357 3766 of.
381 3700 544 3786 κρεμοέέρα,
569 3707 602 3766 et
618 3722 768 3789 compara
784 3701 975 3787 τοέλαιττρα,
993 3702 1138 3782 ταίττρα,

112 3824 184 3888 alia.
208 3823 308 3889 Verb.
331 3822 495 3890 αλίνδετέαι
520 3821 558 3887 of.
581 3822 650 3888 Nic.
674 3822 733 3886 Th.
762 3824 832 3888 156.
856 3821 993 3887 Leonid.
1017 3823 1140 3888 Taren·

113 3943 169 4009 tin.
194 3945 235 4008 55
260 3942 346 4028 (VII.
374 3944 470 4026 736).
495 3942 534 4007 cf.
558 3942 704 4018 αλένδνοις
728 3964 780 4030 ap.
805 3943 959 4029 Hippocr,
985 3940 1023 4008 cf.
1047 3962 1139 4028 prae-

113 4061 372 4151 m§2ah

157 4184 439 4259 αλλαντοτωλνς
466 4185 687 4268 „farciminum
710 4185 882 4252 venditor”
906 4186 1026 4272 legitur
1049 4184 1136 4271 apud

114 4303 365 4391 Aristophanem
397 4303 431 4368 in
462 4304 521 4392 uq.
550 4327 579 4371 v.
608 4308 679 4371 143.
706 4307 776 4371 144.
805 4306 877 4371 148.
904 4307 977 4373 179.
1002 4307 1084 4370 241:
1109 4306 1140 4368 οὐ
