2836 4934
527 296 734 377 Βουλδμαχος.
1101 296 1143 359 69

109 563 179 609 voc.
211 539 368 618 ε’μβοὶδων,
401 539 594 625 ἡδυσμάτων,
626 537 1020 620 1σχάδων,κοσκυλμο1τια,
1045 544 1143 622 ρἀΦα-

108 662 198 739 νιδων,
223 660 361 741 σκορόδων
384 666 418 727 ot
444 661 547 726 multa
571 660 636 726 alia
659 660 745 749 apud
769 661 919 725 comicos.

153 784 393 865 βουλόμαχσς
421 784 519 867 „belli
543 783 700 870 cupidus”
724 783 845 870 legitur
867 783 954 870 apud
974 784 1141 871 Aristoph.

108 908 143 972 in
176 907 251 972 Pao.
281 928 312 970 v.
342 907 440 970 1293:
473 903 628 986 ’θαύμαζον
660 903 768 970 σὶκσύιον
792 905 815 968 εἷ
839 904 876 968 σὺ
899 905 942 983 μίο
965 903 1023 981 εἴης
1046 904 1143 984 ἀνδρὸς

106 1027 301 1108 βουλομάχου
324 1026 393 1092 ott.
423 1024 470 1092 01.
494 1024 706 1105 κλαυσίμαχος
729 1025 764 1090 in
788 1024 903 1090 eodem
927 1046 1035 1090 versu.
1082 1026 1142 1090 Est

106 1148 325 1237 compositum
349 1145 556 1213 obiectivum.
589 1145 674 1211 Vide
700 1144 1012 1226 κᾶυοσ.ο1γριοτοισ’ς.
1036 1147 1141 1213 Voca-

109 1271 224 1336 bulum
248 1269 360 1335 fictum
385 1273 435 1335 est
457 1267 499 1334 ad
523 1266 740 1334 deridendum
764 1268 965 1333 Lamachum
988 1269 1141 1351 φιλόμα-

106 1416 190 1476 χον,
221 1390 308 1478 quod
340 1389 404 1458 adi.
436 1393 486 1455 est
517 1411 568 1475 ap.
601 1387 719 1454 Aesch.
752 1388 813 1475 Ag.
845 1390 919 1453 222.
948 1389 1038 1477 Sept.
1066 1393 1140 1455 120.

110 1514 160 1581 Of.
184 1512 396 1593 μισολάμαχος
412 1511 486 1577 Pac.
505 1512 580 1575 304.
600 1509 785 1591 Φυνδμοιχσς
803 1510 949 1576 Simonid
978 1533 1028 1600 ap.
1047 1512 1140 1578 Stob.

106 1636 195 1701 Flor.
224 1636 296 1700 118.
322 1636 351 1698 6.
374 1634 533 1714 δψ1μαχος
556 1632 654 1697 Dion.
679 1632 754 1696 Hal.
779 1632 944 1698 Plutarch.

150 1753 366 1837 βρεκεκεκέξ
388 1775 541 1819 ranarum
565 1775 630 1819 vox
645 1754 767 1839 legitur
784 1756 904 1841 passim
920 1755 955 1819 in
971 1754 1138 1842 Aristoph.

104 1881 190 1945 Rau.
216 1900 236 1943 a
258 1898 355 1943 versu
379 1878 443 1941 209
469 1897 572 1962 usque
596 1875 636 1940 ad
660 1898 723 1941 vm.
749 1877 824 1940 268.
855 1876 904 1942 01.
928 1898 1017 1942 voco.
1042 1878 1142 1942 toste-¹

103 2007 168 2088 λοῦ,
192 1999 352 2065 decretal
375 1998 502 2063 similia.
526 1997 612 2064 Vide
635 1997 771 2084 praefat.
795 2001 813 2082 ξ
837 2000 867 2062 6.

149 2118 306 2204 βρίκειισι
344 2119 430 2208 apud
463 2118 634 2184 Cratinum
665 2119 699 2183 in
729 2118 767 2186 fr.
800 2120 864 2183 295
896 2119 937 2184 ab
970 2119 1152 2206 Hesychio¹

105 2245 289 2332 explicatur
319 2242 359 2308 τοὶ
389 2226 518 2323 τραγικδι
546 2248 728 2320 τροτατεῖα,
752 2235 806 2305 οἷον
828 2240 1000 2320 βροτοΐκελοι
1025 2242 1056 2325 (e
1080 2242 1137 2306 Di·

105 2366 231 2453 dymo),
264 2363 355 2429 addit
379 2367 489 2428 autem
512 2363 535 2428 ol
561 2365 615 2442 μὲν
638 2364 702 2434 τοὺς
726 2360 898 2446 ἱστάσσδας,
921 2362 981 2426 dci
1004 2369 1053 2429 τοῦ
1076 2364 1135 2440 βοὶ-

103 2511 164 2561 οους
187 2485 237 2550 καὶ
260 2490 311 2550 τοῦ
334 2483 431 2570 ξύλου,
456 2485 481 2548 οἱ
497 2483 526 2549 δὲ
541 2483 720 2564 βαρβάρους.
737 2485 890 2550 Fortasse
906 2485 968 2550 hae
985 2487 1135 2554 notiones

103 2609 189 2697 apud
213 2608 294 2674 alios
317 2607 581 2673 inveniebantur.

144 2731 352 2812 βριμοῖσθαι
384 2728 540 2811 „irascor”
564 2729 685 2814 legitur
709 2728 795 2816 apud
820 2729 1074 2818 Aristophanem
1098 2733 1132 2796 in

104 2852 161 2938 Eq.
194 2875 223 2917 v.
258 2852 341 2916 855:
377 2850 400 2914 εἰ
434 2849 471 2914 σὺ
501 2848 659 2932 βριμήσαιο
689 2851 738 2914 καὶ
774 2851 921 2931 βλέψειας
952 2852 1132 2930 ὀστρακίνδα.

104 2972 228 3038 Sobel:
261 2971 421 3051 βριμῖνσδαι
453 2969 486 3035 td
516 2969 676 3051 ὀργίζεσθαι
708 2968 757 3034 καὶ
789 2973 930 3036 οὶσειλεῖν.
963 2974 1133 3052 Βριμοῦσθαι

103 3095 216 3160 eodem
248 3115 346 3160 sensu
378 3098 428 3181 est
459 3115 509 3180 ap.
538 3094 625 3159 Xen.
650 3093 723 3180 (lyr.
749 3096 780 3158 4.
806 3095 889 3159 519:
914 3094 1068 3174 ἕβριμοῦτσ
1091 3099 1131 3177 τῷ

102 3217 189 3300 Κύρῳ,
214 3215 271 3281 ubi
294 3215 447 3302 Blaydes.
471 3216 624 3302 proponit
648 3215 799 3295 ἕβριμῖιτν.
834 3217 943 3282 Subst.
968 3218 1059 3297 βρίμν
1083 3220 1132 3283 in·

102 3338 231 3402 venitur
262 3357 311 3425 ap.
344 3336 452 3424 Apoll.
476 3336 584 3403 Rhod.
610 3339 639 3402 4.
668 3339 762 3402 1617.
809 3341 968 3418 Βριμῖισδαι
1000 3340 1130 3406 videtur

103 3478 170 3522 esse
195 3456 299 3522 forma
321 3457 513 3523 secundaria
538 3458 628 3523 verbi
651 3458 832 3563 βριμοῦσθαι.

141 3578 478 3660 βροντησικέραυνοι
514 3581 657 3662 „tonitru
684 3580 876 3646 fulminans'
899 3582 1019 3668 legitur
1042 3584 1129 3670 apud

104 3702 268 3791 Aristoph.
294 3700 379 3767 Nub.
405 3703 486 3766 265:
507 3704 611 3778 σεμναὶ
628 3702 689 3765 θεαὶ
705 3701 842 3784 Νεφέλαι
858 3703 1127 3786 βροντησικέραυνοι.

103 3824 144 3888 Ol.
175 3823 384 3904 κυκνσίτεφρις
416 3824 499 3889 Rau.
525 3826 598 3888 710.
622 3825 818 3901 λυσνσίλομσς
843 3825 964 3889 Oratin.
989 3825 1026 3889 fr.
1052 3828 1127 3892 343.

106 3945 331 4026 „Sacerdotem
370 3965 470 4030 agens
509 3944 659 4010 Socrates
697 3945 804 4011 verbis
841 3946 943 4010 utitur
974 3949 1127 4032 graviori·

103 4066 180 4131 bus”
212 4065 344 4150 (Teos).
370 4065 417 4131 Of.
443 4064 484 4130 ad
508 4087 576 4132 voc.
602 4066 848 4147 κεραυνοβρόντιος.
896 4066 949 4132 Ad
972 4068 1124 4137 formam:

103 4185 296 4267 οὶρνικὲριιυνσς
322 4185 418 4250 Hom.
443 4195 482 4249 T.
510 4187 583 4250 121.
608 4184 700 4249 Pind.
727 4186 777 4250 Ol.
803 4189 832 4250 8.
858 4188 888 4249 3.
913 4187 1125 4269 τερπικέραυνος

107 4305 197 4373 Hom.
221 4319 249 4373 A
273 4309 347 4374 419.
372 4332 398 4372 ν.
425 4309 476 4373 15.
