2836 4934
274 324 327 372 ΧΠ
663 326 921 378 susurrum.

317 556 456 644 Insuper
491 556 690 621 monendum
722 562 772 622 est
802 557 998 622 brevitatem
1030 555 1305 642 fragmentorum,

273 699 357 765 quae
390 699 487 764 saepe
519 699 584 742 una
615 683 745 742 tantum
766 699 851 743 ‘voce
875 681 1045 761 constant,
1071 698 1202 741 causam
1226 699 1307 742 non·

272 821 450 888 numquam
480 799 600 883 fuisse,
631 821 689 865 cur
712 799 752 865 de
777 800 1009 865 vocabulorum
1034 821 1094 865 usu
1118 821 1155 864 ac
1179 800 1306 864 ratione

272 921 401 1007 plenius
436 918 603 1006 disputare
638 941 704 985 non
739 942 918 1008 possemus.
964 920 1004 984 Id
1035 920 1158 1013 fectum
1190 926 1240 985 est
1272 920 1306 984 in

272 1042 438 1108 vocabulis
474 1043 645 1128 ἡμίλοοτος,
682 1042 886 1128 ἡμιμάοκτοο,
918 1042 987 1120 iliu,
1021 1043 1159 1126 ναύτοια,
1190 1043 1305 1128 άλολος,

269 1164 448 1250 ῥαφανίδιον,
472 1163 648 1248 Φιλοκηδάο,
671 1165 827 1249 άτμάτιον,
851 1163 1153 1248 &commonicionem
1174 1163 1306 1246 pomos,

270 1288 456 1368 occumbunt,
482 1288 562 1353 aliis.

315 1409 391 1473 Toti
416 1409 572 1496 opusculo
596 1409 732 1474 formam
757 1409 833 1475 (ledi
855 1411 973 1495 lexici,
998 1417 1035 1499 nt
1058 1411 1103 1494 is,
1122 1411 1177 1499 qui
1195 1410 1235 1474 de
1252 1430 1307 1475 vo·

270 1530 386 1613 cabulo
411 1531 520 1618 aliquo
544 1531 699 1618 antiquae
724 1532 912 1598 comoediae
935 1527 1066 1620 proprio
1083 1533 1169 1597 huno
1186 1532 1305 1597 librum

270 1650 439 1717 consulere
463 1651 784 1741 velit,commodius
809 1675 847 1718 eo
872 1654 1004 1739 negotio
1029 1653 1121 1738 fungi
1145 1652 1258 1740 possit.

316 1772 411 1848 Quod
443 1772 483 1838 ad
516 1765 673 1860 originem
706 1774 938 1840 vocabulorum
966 1751 1167 1839 comicorum
1186 1772 1238 1838 vel
1264 1771 1304 1836 ad
1372 1819 1375 1823 -

270 1916 382 1960 eorum
416 1895 567 1959 notiones
603 1895 738 1978 attinet,
774 1895 894 1959 multas
930 1893 1048 1958 classes
1082 1894 1150 1957 sive
1182 1880 1305 1978 genera

254 2007 501 2103 'distinguenda
532 2038 604 2081 esse
634 2017 764 2104 putavi,
799 1998 937 2105 quornm
964 2017 1103 2103 primum
1121 2020 1191 2080 esto
1217 2013 1303 2102 quod

271 2139 453 2204 contineat:

315 2263 333 2346 ξ
360 2263 386 2325 1.
433 2261 634 2326 Venabula
657 2260 803 2325 comice
827 2260 937 2338 ficta,
963 2259 1166 2346 etquidem:

315 2407 346 2448 α.
392 2382 543 2447 Licentia
566 2382 689 2446 comica
712 2381 804 2461 ficta,
829 2381 914 2446 soil:

315 2502 484 2568 Venabula
507 2503 542 2567 in
565 2502 683 2590 quibus
707 2507 774 2566 tam
798 2501 1003 2566 substantiva
1027 2520 1123 2587 quam
1139 2498 1302 2577 adiectiva

269 2628 303 2686 et
334 2622 434 2688 verba
457 2623 491 2686 in
515 2643 617 2687 unum
641 2621 834 2687 vocabulum
858 2622 1038 2708 composita
1061 2628 1155 2686 sunt:
1180 2623 1303 2702 άρχαιο-

268 2744 660 2828 μελισιδωνοφρυνιχήρατα,
691 2745 1032 2826 κομποφακελοοράμων,
1057 2744 1301 2826 καδιονοφοιλοιρά-

268 2882 380 2944 τωλος,
416 2866 663 2945 λεταδοτεμαχο-
695 2887 763 2953 sqq.
795 2866 929 2949 (nomen
958 2864 1022 2929 cibi
1046 2863 1303 2950 undeoctoginta

267 2987 496 3074 syllabarum),
521 2984 847 3066 οκοτοδαοοτνκνάάριξ,
873 2985 1302 3067 σκοροδοπανδοκευτριαρτοπώ-

267 3109 362 3193 λιδες,
385 3107 958 3197 οτερμαγοραιολεκιάολαχανοτάλιδες,
975 3109 1304 3189 οφραγιδονιιχαργοκο·

267 3219 1304 3318 μάτας,σαλπιγγολογχυπηνάδαι,σαρκασμοπιτυοκάμπται,λειριο-

268 3353 500 3439 rosconmon,
525 3350 818 3433 κρομμυοξυρεγμία,
843 3353 1163 3436 κρονιοχντρολάραιος,
1187 3376 1303 3428 κνμινο·

267 3471 637 3557 τριοτοκαρδαμάγλνφος,
686 3471 851 3556 ἷοινάκνοος,
903 3473 1304 3556 άράροφοιτοτοκοφαντοδικο·

267 3596 468 3676 ταλαίπωρος,
516 3593 728 3680 διειρωνόξενοι,
774 3596 1049 3680 ἐγγλωττοτυπεῖν,
1093 3595 1301 3680 ῥαθαπυγίζα,

247 3704 651 3800 ’τορνευτολυρασπιδοτκγάς
663 3767 670 3795 ,
711 3721 1002 3806 ταγκνοκνιοοάάρας,
1043 3719 1302 3800 τρογῳδοτοιομου·

267 3842 348 3932 orel,
374 3840 447 3905 alia.

312 3960 500 4026 Numeralia
514 3960 627 4025 insunt
642 3961 690 4025 in:
708 3961 1062 4042 ψαμμακοσιογάργαρα,
1076 3961 1301 4048 πολλοδεκάκις,

187 4163 191 4168 ,
267 4085 444 4162 χιλιόπαλαι
469 4087 503 4146 et
526 4103 609 4168 quae
632 4081 678 4146 ibi
702 4083 820 4147 collata
844 4087 936 4167 sunt,
961 4083 1042 4148 aliis.

312 4204 520 4291 Comparatio
565 4204 723 4291 quaedam
762 4206 928 4271 invenitur
968 4205 1019 4270 in:
1060 4207 1300 4284 κομκταμννάας,

267 4324 541 4409 γαττροχάρνβάις,
568 4327 649 4390 aliis.
