2836 4934
192 257 235 320 60
644 254 736 336 Βακόζ
759 304 766 318 .

188 502 359 584 ύμφικόμος
392 502 490 568 Hom.
515 501 543 567 P
568 502 643 568 677.
667 500 785 580 εύκνμος
811 503 947 590 Meleag.
976 505 1055 587 110,
1082 507 1125 569 20
1149 507 1226 589 (IX.

191 624 279 708 363).
304 624 509 690 Vocabulum
532 621 698 703 βαόύκομος
718 625 861 711 pertinet
878 623 918 689 ad
936 626 1116 714 composita
1132 628 1226 692 attri-

189 745 321 830 butiva,
345 766 428 833 quae
452 766 495 810 ex
512 745 741 811 coniunctione
758 746 956 811 substantivi
972 767 1045 811 eum
1063 746 1225 815 adieetivo

188 866 380 933 attributive
419 864 548 933 adnexo
588 867 746 954 originem
785 866 927 944 ducunt,
967 874 1001 934 et
1040 869 1225 935 subiectum

190 992 285 1054 extra
308 988 523 1075 compositum
547 987 645 1052 situm
668 988 800 1055 habent.
826 988 873 1054 of.
896 988 1119 1070 μελανοκάρδιος
1138 991 1225 1056 Rau.

193 1111 269 1178 470.
287 1109 509 1190 ποικιλόμορφος
524 1109 611 1175 Plut.
629 1110 704 1176 530.
721 1108 898 1189 ταναόδειρος
914 1109 977 1177 Au.
995 1113 1077 1196 254,
1097 1112 1224 1177 similia.

231 1229 370 1312 βακόζω
409 1231 530 1311 „Baein
554 1231 717 1297 memero''
740 1232 862 1320 legitur
885 1232 972 1320 apud
996 1233 1165 1320 Aristoph.
1190 1233 1225 1299 in

188 1354 264 1419 Pae.
282 1376 311 1418 v.
331 1353 433 1420 1072:
452 1351 559 1429 ἐξώλης
574 1352 690 1419 ἀπόλοι’
703 1353 727 1418 εἰ
738 1355 781 1433 μὶν
793 1355 922 1420 παύσαιο
934 1353 1071 1436 βακίζων.
1092 1353 1221 1421 Sahal:

188 1474 305 1549 Βύκιδος
336 1473 513 1553 μνημονεύω.
546 1474 592 1540 Of.
625 1474 787 1555 πατερόζειν
815 1475 915 1562 Vesp.
948 1477 1013 1540 652
1039 1507 1079 1530 =
1104 1475 1222 1555 πατέρα

190 1603 300 1677 καλεῖν,
332 1594 493 1677 παππόζειν
516 1595 615 1684 Vesp.
648 1597 712 1661 009
745 1627 785 1650 =
810 1593 942 1660 πύππαν
964 1602 1077 1661 καλεῖν.
1110 1595 1223 1678 Βακίζω

188 1718 264 1786 vide
287 1720 420 1807 praefat.
436 1721 455 1804 g
474 1720 487 1782 1
503 1718 536 1795 β.
554 1718 603 1784 01.
621 1719 721 1784 verba
737 1717 980 1784 denominativa
995 1716 1107 1800 λνδόζω,
1121 1717 1216 1796 σνβα-

188 1841 262 1924 ρι’ζω,
297 1840 501 1924 κορυβαντίζω,
538 1839 694 1922 λεσβιύζω,
730 1838 925 1922 αῐμνπτιύζω,
960 1839 1218 1926 λακεδαιμονιύζω,

189 1962 284 2046 χιύζω
308 1969 343 2029 et
366 1964 469 2029 multa
492 1963 564 2029 alia.

232 2084 558 2167 &manumittantur
593 2084 685 2170 (adi.)
721 2083 806 2171 apud
843 2083 1012 2149 Cratinum
1046 2083 1080 2147 in
1114 2082 1151 2147 lr.
1180 2083 1222 2149 50

189 2207 306 2273 dieitur
341 2205 381 2272 de
416 2204 563 2288 φιάλαις.
588 2205 730 2291 Hesyeh.
767 2207 823 2290 (ex
859 2203 987 2270 emend.
1018 2204 1155 2270 Kusteri
1190 2211 1222 2270 et

68 2340 71 2346 '
188 2327 359 2413 Meinek.):
392 2325 463 2393 οὕτω
495 2333 632 2404 Κρατῖνος
664 2323 794 2401 ὠνόμασε
825 2325 881 2398 τόος
912 2325 1040 2405 ἐχούσας
1065 2327 1220 2406 ὀμφαλοὺς

187 2448 256 2515 ἄνευ
282 2448 437 2531 προσώπων
460 2449 628 2533 („le0num
647 2449 798 2535 luporum
815 2448 992 2514 aliorumve
1009 2449 1217 2532 animalium,

187 2553 306 2656 quibua
330 2568 465 2633 aliarum
487 2567 669 2655 phialarum
690 2588 765 2633 orae
782 2567 992 2653 ornabantur,
1010 2566 1093 2632 Poll.
1108 2569 1137 2632 2.
1155 2570 1220 2634 48”

188 2688 365 2777 Meinek.)‚
400 2690 486 2754 όποῖοι
518 2689 542 2752 οἱ
575 2688 647 2754 όόλοι
678 2690 707 2752 ἐν
737 2696 796 2760 τοῖς
827 2688 1012 2765 βαλανείοις·
1046 2689 1070 2753 οἱ
1102 2688 1130 2754 il
1161 2689 1221 2754 οἱπό

189 2820 243 2878 τῶν
274 2815 419 2896 ὀμφαλῶν
446 2819 501 2878 τῶν
524 2813 552 2876 ἓν
575 2819 634 2884 τοῖς
658 2811 781 2884 πνὲλοις.
832 2811 975 2894 „Balnea
996 2812 1164 2876 habebant
1187 2812 1221 2876 in

189 2935 296 3003 media
326 2941 418 3024 parte
450 2936 617 3023 (superne)
649 2935 815 3001 emissaria
845 2957 947 3001 aeneo
979 2934 1132 2999 umbilico
1163 2940 1220 2998 aut

189 3058 369 3124 claudenda
392 3064 449 3125 aut
472 3056 665 3145 aperienda''
692 3055 872 3146 (Meinek.).
896 3057 945 3122 uf.
969 3055 1063 3144 praef
1081 3060 1103 3118 t.
1122 3054 1139 3143 ξ
1155 3056 1169 3118 1
1186 3079 1218 3133 ν.

189 3179 242 3245 Ad
266 3180 400 3245 formam
425 3180 464 3246 ef.
491 3179 688 3261 μεσόμφαλος
713 3200 764 3266 ap.
790 3183 890 3264 tragg.
916 3183 950 3244 et
972 3182 1057 3265 poet.
1079 3176 1219 3263 sequior.

188 3297 402 3385 χρνσύμφαλος
425 3300 508 3366 Poll.
534 3301 563 3364 6.
590 3301 642 3365 98.

232 3421 420 3499 βαλανεύω
445 3420 566 3508 signif:
596 3419 769 3502 „balneum
793 3414 964 3483 ealefaei0”
989 3415 1076 3503 apud
1094 3416 1219 3481 Aristo·

188 3545 329 3633 phanem
351 3545 386 3609 in
409 3545 485 3631 Lyn.
510 3566 539 3609 v.
566 3545 641 3609 337:
667 3541 774 3618 ἥκουσα
798 3541 857 3622 γόιρ
880 3539 1094 3623 τυφογέροντας
1113 3536 1220 3620 ἄνδρας

188 3667 277 3748 ἔρρειν,
302 3664 432 3746 στελέχη
452 3664 604 3748 φέροντας,
620 3661 713 3744 ὥσπερ
729 3661 980 3747 βαλανεύσοντας,
996 3659 1083 3739 δεῦρο.
1109 3659 1218 3725 Schol.

188 3793 298 3854 autem
321 3788 464 3874 explieat
486 3785 645 3862 βαλανεῖον
661 3784 788 3849 ύποκαόω
805 3782 906 3870 (qued
923 3788 973 3847 est
992 3779 1217 3864 „suueend0”).

188 3909 228 3974 In
263 3910 339 3975 Pae.
375 3930 402 3972 v.
430 3910 514 3974 1103
546 3907 608 3972 hoa
639 3907 774 3972 verbum
807 3904 968 3991 signifieat
1001 3902 1220 3986 „balneatoris

188 4030 291 4095 instar
321 4028 514 4094 infundere''
548 4029 615 4094 seil.
646 4023 724 4105 οἶνον,
757 4027 888 4101 σπονδήν.
924 4024 1016 4090 Idem
1049 4029 1099 4089 eet
1130 4023 1219 4110 apud

189 4151 419 4217 Pherecratem
444 4148 497 4239 (fr.
525 4152 588 4215 130
612 4173 642 4216 v.
668 4153 729 4235 6.):
761 4149 774 4213 ὂ
806 4148 878 4219 Ζεὺς
902 4147 926 4212 δ’
951 4146 1002 4214 ύων
1025 4143 1085 4227 οἴνῳ
1107 4146 1220 4231 καπνόρι

189 4272 271 4338 κατόν
292 4277 343 4339 τοῦ
366 4271 492 4354 κεροόμον
510 4272 701 4350 βαλανεύσει.
725 4309 767 4319 -
794 4267 1089 4351 01.οοα.ἕνιερεύω.
1107 4268 1219 4334 Subet.
