2836 4934
516 278 813 374 Ἐπαναβοίλλεσθαν.
1092 298 1153 361 127

127 544 177 609 De
211 543 325 609 endem
359 564 395 609 re
429 550 603 631 usurpatur
638 545 737 612 etiam
772 543 860 609 verb.
897 542 1098 609 καπαπείνο
1121 544 1154 608 in

127 665 204 751 Lys.
220 687 250 730 v.
269 665 348 730 965:
372 671 449 737 ποῖος
473 665 497 728 δ’
521 665 593 747 θρρσς
612 664 648 730 ἀν
669 664 825 750 (ἀντίσχοι)
846 663 1103 742 κατατεινόμενος,
1122 669 1156 728 et

126 785 328 865 νενροῦσθαι
351 785 385 849 in
409 785 486 872 Lys.
504 807 533 850 v.
555 788 651 851 1078:
676 785 840 867 νενεύρωται
855 786 910 863 μὲν
925 783 967 861 ἥδ’
984 789 1000 861 ἡ
1015 785 1156 870 σνμφορά

126 905 235 993 δεινῶς,
260 927 396 994 quorum
420 911 595 995 utrumque
619 907 683 972 alio
706 927 804 972 sensu
827 905 914 993 apud
934 906 1155 972 non-comicos

126 1027 280 1094 invenies.
306 1028 353 1094 01.
375 1050 405 1093 v.
428 1049 453 1094 e.
477 1028 623 1115 Aleiphr.
650 1031 678 1094 3.
703 1028 756 1095 48.
782 1029 835 1094 sie
857 1028 966 1093 ε’νπείνω
983 1027 1023 1093 de
1040 1027 1155 1094 eadem

29 1144 32 1149 ’
126 1169 161 1213 re
184 1148 319 1214 Aristot.
345 1148 449 1235 probl.
474 1151 504 1213 4.
529 1151 583 1216 22.
614 1149 654 1214 D.
680 1149 744 1215 sic.
771 1139 801 1216 1.
825 1151 886 1234 88;
911 1151 942 1214 4.
967 1150 998 1217 6.

171 1268 495 1348 ε’παναβάλλεσθαν
530 1292 647 1358 „super
669 1269 788 1337 induo”
811 1270 932 1358 legitur
955 1271 1041 1359 apud
1065 1271 1155 1337 Aris·

127 1392 216 1479 toph.
249 1393 283 1456 in
305 1391 392 1458 Eoel.
416 1415 447 1461 v.
472 1394 556 1457 276:
581 1393 723 1472 θαίμοίσνα
748 1393 873 1474 σάνδρεῖ’
897 1392 1154 1471 ἕπαναβοίλλεσίε.

126 1515 253 1581 Schol.:
285 1516 350 1582 ἀντὶ
382 1520 433 1582 ποῦ
466 1515 721 1598 περισπολίζεσθαι.
767 1515 891 1584 Herod.
927 1518 957 1585 2.
991 1518 1031 1581 81
1057 1515 1155 1581 hebet

126 1636 202 1705 adv.
217 1636 434 1715 ἐπαναβλκδίν.
454 1635 740 1716 Ἐπαναβοίλλεσθαι
757 1639 854 1704 aliem
870 1638 971 1704 habet
988 1638 1153 1704 notionem

126 1755 214 1843 apud
237 1756 361 1823 Herod.
381 1759 409 1822 1.
435 1759 488 1843 91,
512 1763 562 1825 est
580 1758 648 1824 soil.
676 1757 846 1841 „differre”
871 1759 1088 1845 (ἐπανεβάλετο
1104 1759 1155 1833 σὺν

125 1879 254 1961 Σαρδίων
276 1876 406 1964 ἀλασνν).
439 1880 585 1968 Simplex
609 1861 842 1958 ἀναβάλλεσθαι
859 1877 1006 1970 (ίματίον)
1031 1880 1156 1945 inveni·

125 2000 321 2087 1ννι7οερ.
348 2001 442 2068 1132.
479 2001 564 2067 Plat.
588 2000 723 2095 Theaet.
745 2004 808 2067 175
825 2023 853 2068 e.
889 2002 982 2069 Dem.
1003 2005 1054 2067 19.
1079 2005 1154 2068 251.

125 2123 207 2187 Luo.
231 2122 380 2189 Hermot.
408 2127 458 2190 18.
484 2163 524 2174 -
550 2124 598 2190 01.
621 2124 756 2212 praefat.
779 2127 797 2209 ᾗ
822 2127 851 2189 5.

171 2244 474 2326 ε’πανααρονίεσθαν
497 2246 517 2310 i.
536 2267 566 2333 q.
594 2246 777 2329 ῃὲπανιὲναν,
793 2243 916 2312 redire”
932 2228 1052 2332 legitur
1067 2245 1153 2332 apud

126 2363 383 2452 Aristophanem
412 2366 446 2430 in
470 2366 532 2431 Av.
556 2387 586 2431 v.
612 2368 693 2432 648:
722 2364 795 2447 δεῦρ’
819 2365 1028 2447 ἐπανάκρουσαι
1051 2365 1152 2433 ποίλιν.

125 2485 251 2552 Schola
285 2486 547 2565 ἕπανακάμππειν·
583 2490 599 2564 ἡ
634 2487 792 2567 μεταφορά
820 2486 881 2551 ἀπὸ
912 2491 967 2552 τῶν
997 2486 1053 2560 κάς
1084 2493 1153 2560 ναῦς

122 2608 363 2688 ἀνακρουομένων.
391 2608 490 2697 Apud
514 2609 601 2687 alios
618 2609 789 2697 scriptores
814 2607 931 2675 dieitur
950 2609 1153 2691 ἀνακρούεσθαι

124 2726 258 2811 πρύμναν
287 2736 344 2796 eut
375 2731 422 2796 ἐπί
454 2731 604 2812 πρύμναν,
636 2731 676 2797 of.
700 2730 823 2796 Herod.
848 2733 878 2797 8.
904 2734 965 2816 84,
996 2736 1031 2797 et
1053 2731 1151 2798 etiam

122 2874 177 2940 ap.
208 2853 375 2942 Aristoph.
399 2853 434 2920 in
457 2855 558 2942 Vesp.
582 2876 613 2923 v.
637 2856 721 2939 399,
752 2859 810 2920 aut
832 2854 965 2935 πρύμναν
989 2853 1151 2936 κροθεσθαιτ

123 2973 228 3040 Thne.
254 2976 284 3040 1.
308 2977 361 3042 50.
392 2976 527 3042 Lneian.
551 2977 628 3042 Ver.
653 2976 739 3042 Hist.
759 2978 787 3040 1.
813 2978 866 3041 42.
890 2975 1019 3041 Arrisn.
1044 2975 1152 3044 Anab.

125 3099 159 3161 5.
186 3099 237 3162 17.
264 3099 292 3173 7,
318 3103 379 3164 eto.
404 3099 505 3184 (retro
526 3097 706 3188 navigare).
731 3097 1025 3180 8η5ο1.ἀνάκρονσις
1049 3098 1152 3166 Thuo.

126 3219 159 3286 7.
184 3218 234 3282 36.
261 3256 304 3266 -
327 3218 376 3284 01.
401 3219 536 3306 praefat.
560 3221 577 3304 ξ
601 3221 631 3284 5.

170 3340 408 3421 ἒπαναφνσάν
433 3340 565 3423 „inflare
586 3340 708 3424 (tibias)
725 3339 766 3405 ad
783 3338 1015 3429 (saltandum)‘’
1032 3341 1152 3427 legitur

122 3459 213 3547 apud
246 3459 500 3548 Aristophanem
533 3461 568 3525 in
602 3459 731 3527 Thesm.
763 3482 794 3526 v.
832 3463 935 3526 1175:
970 3460 1152 3545 ἐπαναφύσα

121 3579 271 3663 Περσικίν.
310 3581 485 3667 Ἀναφνσοῐν
519 3582 634 3649 eodem
668 3582 870 3648 1510151185
892 3581 993 3648 habet
1017 3582 1095 3650 Ath.
1121 3586 1152 3650 8.

123 3707 188 3770 351
208 3725 244 3789 e,
275 3708 376 3788 φνσάν
407 3704 520 3771 eadem
552 3704 633 3791 sign.
665 3704 785 3791 legitur
815 3725 865 3790 ap.
891 3706 948 3768 Ar.
976 3703 1011 3767 in
1033 3702 1096 3768 Αν.
1120 3724 1150 3768 ν.

124 3828 203 3893 859.
235 3825 334 3913 Soph.
362 3825 400 3892 fr.
424 3828 498 3893 753.
530 3827 601 3894 Pol.
626 3827 679 3893 30.
705 3829 756 3892 13.
782 3828 813 3891 8.
844 3826 932 3891 Plut.
956 3824 1028 3893 Alo.
1053 3827 1083 3889 2.
1110 3862 1150 3873 -

123 3949 175 4015 01.
200 3948 334 4036 praefat.
358 3952 376 4034 ξ
399 3951 430 4015 5.
499 3971 502 3977 ·

170 4070 424 4150 ἐπανθρακίδες
450 4069 616 4158 „pisciculi
639 4070 695 4158 qui
718 4090 815 4158 super
831 4067 1026 4134 carbonibus
1042 4088 1151 4133 asson·

121 4191 202 4257 tur”
229 4193 350 4279 legitur
379 4191 465 4280 apud
497 4181 662 4278 Aristoph.
693 4190 728 4255 in
758 4190 858 4276 Vesp.
883 4211 912 4253 v.
940 4190 1034 4254 1127.
1068 4188 1149 4254 th.

120 4337 156 4381 v.
183 4315 265 4379 670:
296 4313 366 4389 ἡνίκ’
396 4312 432 4379 ἀν
465 4312 664 4393 ἐπανθρακίδες
695 4305 745 4379 ὦσι
776 4312 998 4393 παρακείμεναι.
1024 4310 1168 4380 Schola.
