2836 4934
499 279 774 360 Διαδρασιπολίτνς.
1114 282 1155 344 89

120 521 263 589 Meinek.
296 521 410 609 Blayd.
443 527 477 588 et
507 522 631 605 Koch,
659 522 715 611 qui
737 522 870 610 legunt:
895 523 919 587 οί
944 522 969 587 δ’
991 521 1090 594 εὐίίως
1117 523 1156 588 τοί

120 644 262 723 πρίσωπα
292 642 497 721 διεγαλήνισαν
531 641 618 732 (ood.
649 644 727 732 R.)‚
758 645 894 710 intrans.
929 665 992 709 sea.
1017 644 1155 731 Bergk,

122 767 205 854 legit
228 767 316 833 enim
341 773 396 832 τῶν
419 767 443 833 δ’
466 767 565 841 εὑίίως
588 766 628 833 τίν
643 765 784 847 πρόσωπα
799 767 998 845 διεγαλήνισεν
1013 765 1095 849 (eod.
1112 768 1157 849 V)

121 896 172 954 est
195 888 282 975 apud
300 889 470 977 Aristoph.
488 889 522 954 in
539 890 598 976 Eq.
614 911 644 954 v.
664 891 739 953 646.
756 888 805 955 of.
820 886 968 969 γαλννίζω
986 886 1154 976 (simplex)

120 1016 221 1075 trans.
254 1032 305 1098 ap.
337 1010 413 1076 Eur.
445 1010 483 1076 fr.
518 1012 621 1094 1064,
654 1013 691 1093 4,
723 1010 857 1074 intrans.
883 1031 935 1096 ap.
960 1007 1092 1074 Alexid.
1117 1008 1155 1072 fr.

124 1134 197 1197 173.
228 1134 317 1202 Plus.
349 1132 427 1198 Mor.
458 1155 489 1220 p.
524 1134 628 1217 10883
653 1132 752 1199 etiem
777 1135 906 1209 γαλννιῶ
931 1137 965 1196 et
988 1128 1156 1212 γαληνιοίζω

120 1254 345 1323 inveniuntur.
383 1254 437 1321 Sia
470 1252 596 1337 κουφίζω
630 1255 703 1320 inlr.
739 1276 788 1342 ap.
825 1253 922 1341 Soph.
955 1252 1041 1317 Phil.
1077 1254 1156 1331 735,

121 1374 243 1456 ἠρεμίζω
265 1375 342 1439 intr.
366 1395 418 1462 ap.
442 1376 528 1441 Xen.
552 1376 629 1441 Lae.
661 1378 685 1438 l.
703 1377 742 1458 3,
759 1374 886 1440 similia.
912 1373 960 1440 Of.
978 1372 1077 1461 praef.
1096 1377 1157 1460 §h

167 1497 488 1576 διαδρασιπολίτκς
527 1497 605 1585 „qui
643 1497 841 1585 reipublicae
880 1497 992 1562 munia
1030 1497 1157 1562 subter·

122 1617 228 1704 fugil”
250 1619 371 1706 legitur
393 1618 480 1706 apud
504 1619 672 1706 Aristoph.
695 1620 730 1684 in
753 1621 837 1685 Ran.
863 1641 891 1684 v.
917 1620 1019 1684 1014:
1044 1619 1155 1700 σκέψαι

121 1735 191 1811 οίους
221 1740 328 1812 αὐτοὺς
358 1736 428 1817 παρ’
460 1740 530 1815 ἐμοῦ
563 1738 742 1820 παρεδέξατο
772 1740 920 1818 γενναίους
951 1739 1000 1805 καί
1031 1740 1074 1816 μίρ
1097 1740 1158 1804 δια-

123 1860 342 1941 δρασιπολίτας.
373 1860 476 1928 Bekk.
508 1861 632 1927 Aneod.
664 1863 717 1929 34.
751 1864 810 1928 20:
845 1861 1117 1944 ἦδιαδρασιπολίτας
1144 1863 1157 1927 ὃ

123 1983 340 2067 διαδριδριίσκων
371 1986 427 2058 τδς
458 1992 510 2059 τῆς
541 1983 651 2058 πόλεως
683 1985 840 2065 ὑπουργίας
870 1982 1083 2073 (λειτουργίας)
1107 1983 1156 2049 καί

122 2108 165 2184 μίν
187 2105 364 2185 βουλόμενος
387 2111 416 2173 ἕν
440 2115 500 2181 τοῖς
518 2109 689 2186 ἀναγκαίοις
705 2115 810 2187 καιροῖς
826 2115 959 2189 παρεῖναι
975 2117 1012 2189 τῇ
1028 2107 1154 2188 πατριδι.

117 2227 170 2327 Cf.
184 2210 410 2308 ’χαυνοπολίτας
433 2228 516 2294 Aah.
541 2231 624 2314 635,
648 2230 851 2312 μικροπολίτας
874 2231 934 2317 Eq.
956 2230 1034 2294 817.
1052 2229 1153 2294 Verh.

122 2344 309 2425 διαδιδριίσκω
334 2353 385 2413 est
408 2345 495 2435 apud
517 2347 620 2415 Arist.
636 2347 718 2413 Aah.
735 2350 810 2415 601.
829 2347 936 2413 Sohol.
954 2348 1037 2412 Ran.
1059 2349 1152 2411 1114.

123 2466 248 2532 Herod.
281 2469 311 2532 8.
345 2469 397 2532 75.
421 2468 523 2534 Thuo.
550 2471 579 2536 7.
604 2470 657 2533 58.
682 2467 961 2549 Sobel-halimon
984 2467 1049 2532 Ios.
1074 2466 1154 2531 Ant.

128 2591 177 2653 18.
203 2589 235 2653 5.

168 2710 406 2792 διακαυνιοίζω
441 2709 589 2792 „sortiri”
622 2710 761 2792 (Schola
793 2709 1031 2790 διακλωροῦσίαι·
1056 2715 1157 2776 καῦνον

122 2830 183 2911 γδιρ
212 2830 261 2896 τὸν
290 2830 392 2910 κλνριίν
423 2831 531 2915 Φασι),
562 2831 685 2917 legitur
718 2831 803 2918 apud
836 2831 1090 2919 Aristophanem
1121 2833 1156 2896 in

123 2951 200 3015 Pac.
213 2972 241 3016 v.
256 2952 352 3016 1081:
368 2949 571 3016 διακαυνιάσαι
590 2951 699 3032 πότεροι
715 2949 920 3028 κλαυσούμεθα
933 2950 1031 3032 μείζω.
1047 2950 1155 3016 Subst.

122 3080 248 3147 καῦνος
279 3075 300 3141 i.
325 3097 355 3163 q.
386 3083 487 3156 κλῆρος
519 3082 568 3140 est
600 3098 649 3162 ap.
681 3075 935 3162 Aristophanem
967 3074 1003 3138 fr.
1032 3076 1096 3140 660
1122 3080 1156 3140 et

123 3198 248 3263 Cratin.
279 3196 316 3260 fr.
350 3198 431 3260 194:
462 3196 522 3261 οίπὸ
546 3196 663 3277 ποτέρου
696 3197 743 3260 τὸν
766 3202 868 3261 καίινον
891 3197 1072 3281 οίριίμνίσεις;
1106 3197 1156 3262 De

122 3317 422 3406 compositione'of.
444 3318 611 3400 ἕκκαυλίζω.
638 3317 736 3383 Verh.
754 3316 944 3398 διακαυνιοίζω
961 3318 1060 3383 schol.
1078 3318 1156 3383 dicit

121 3442 237 3508 fielum
267 3463 338 3508 esse
367 3444 403 3516 ὡς
434 3446 488 3507 τῶν
520 3443 647 3507 Καυνίων
676 3441 814 3519 μοίλιστα
845 3439 1018 3522 χρωμένων,
1046 3443 1081 3512 ὠς
1106 3440 1155 3504 καί

122 3560 283 3645 σιΦνιοίζειν
304 3562 353 3627 καί
377 3562 552 3644 λεσβιοίζειν.

170 3681 430 3762 διακλιμακίζω
469 3682 522 3764 „in
553 3683 733 3747 luctatione
764 3687 888 3748 certare
920 3704 994 3746 eum
1025 3682 1154 3768 aliquo”

122 3805 245 3892 legitur
268 3786 355 3892 apud
378 3806 551 3871 Platonem
574 3807 609 3871 in
633 3807 668 3872 fr.
688 3809 760 3872 124.
789 3807 947 3894 Hesych:
970 3806 1156 3885 διακλιμακί-

113 3947 199 4000 σας·
231 3928 442 4002 διαπαλαίσας.
474 3931 619 4005 κλίμακες
649 3929 708 4010 γοδρ
735 3929 785 3994 καί
809 3929 1000 4007 κλιμακισμοί
1025 3929 1156 3994 παλαίσ-

121 4073 221 4126 ματος
244 4043 328 4121 εἶδος.
363 4049 411 4116 Of.
435 4050 519 4116 Poll.
544 4053 574 4116 3.
601 4050 681 4118 155:
706 4049 884 4131 πλαγιοίζειν
906 4050 955 4115 καί
975 4049 1155 4130 κλιμακίζειν

122 4169 346 4247 παλαισμιίτων
361 4170 508 4257 ὀνόματα,
525 4162 730 4255 οίμφίπλεκτυι
746 4174 909 4250 κλίμακες;
926 4172 1034 4237 luctae
1050 4191 1154 4257 genus

123 4291 289 4384 „positum
311 4290 347 4360 in
370 4311 428 4378 eo,
451 4297 488 4362 ut
511 4292 583 4384 quis
606 4293 698 4385 quasi
721 4314 779 4386 per
803 4294 921 4363 scalam
946 4293 1078 4364 dorsum
1100 4293 1155 4363 ad-
