2836 4934
545 313 761 395 Δικαστνριδιον
1131 313 1173 377 99

143 564 197 622 tur
226 557 313 644 apud
337 558 593 646 Aristophanem
617 560 652 624 in
676 561 752 624 Poe.
778 582 807 624 v.
833 562 909 625 829.
934 560 983 625 Of.
1007 560 1180 641 διθυραμβο-

141 678 221 750 ποιίο
244 700 295 766 ap.
320 678 458 746 Aristot.
483 679 582 745 Rhet.
607 683 635 744 3.
662 681 692 744 3.
717 681 758 745 Ι).
784 680 847 745 Sic.
867 682 916 744 15.
934 683 963 744 6.
989 680 1179 759 διίυραμβισ·

140 800 195 873 τίς
220 804 253 862 et
277 798 553 883 διίυραμβονρνίφος
570 798 656 886 apud
674 800 850 887 sequiores.
875 800 925 865 De
942 800 1177 888 compositione

142 919 219 985 vide
235 919 472 1000 βδελλολοίρνγξ.
490 920 539 985 of.
557 921 732 999 voeabula,
750 921 858 1007 qualia
874 926 951 986 sunt
967 921 1180 1002 κυμῳδοδιδοίσ·

141 1056 251 1126 καλος,
275 1040 598 1130 τραγῳδοδιδάσκαλος,
622 1042 674 1126 (of.
692 1042 752 1129 Eq.
770 1044 844 1107 506.
862 1044 937 1109 Pac.
954 1045 1028 1108 737.
1046 1044 1178 1109 Thesm.
1223 1040 1227 1044 ’

143 1166 186 1230 88
213 1168 247 1229 et
271 1164 442 1250 seqnion),
474 1163 716 1244 χοροδιδάσκαλος
740 1165 840 1249 (ΕυοΙ.
866 1167 941 1229 809.
966 1165 1051 1230 Plot.
1076 1167 1178 1252 Legg.

144 1285 164 1348 2
199 1286 264 1349 655
288 1306 316 1350 a.
354 1284 492 1350 Aristot.
518 1284 616 1350 Polit.
640 1287 668 1350 3.
694 1288 756 1370 9.),
781 1285 909 1350 similia.

189 1404 447 1485 δικαστηρίδιον
474 1427 631 1493 „pervum
655 1405 819 1471 tribunal''
843 1407 964 1492 legitur
987 1407 1073 1495 apud
1090 1407 1181 1473 Aris·

145 1528 237 1616 toph.
269 1528 304 1593 in
327 1529 427 1616 Vesp.
460 1550 490 1593 v.
524 1529 608 1594 803:
640 1530 695 1592 κοίν
725 1534 784 1599 τοῖς
815 1527 956 1607 προθύροις
980 1527 1181 1606 ἐνοικοδομήσοι

145 1655 206 1723 τοῖς
230 1651 299 1729 οίνίνρ
324 1651 402 1728 αὐτῷ
426 1649 630 1727 δικαστιριδιον
653 1648 707 1729 πρὸ
729 1653 784 1712 τῶν
807 1649 901 1728 ίυρῶν.
934 1648 1180 1713 Deminutivum

146 1777 197 1836 est
213 1772 302 1837 voois
319 1770 505 1850 δικαστήριον.
524 1770 570 1836 (if.
587 1771 760 1852 μαστριδιον,
776 1768 887 1835 δικίδιον
904 1770 967 1835 alia
980 1770 1088 1857 (praef
1105 1772 1123 1854 ᾗ
1159 1775 1181 1853 ).

190 1891 333 1956 δικίδιον
361 1892 651 1974 „controversiola,
676 1889 828 1957 cousuls'’
851 1891 973 1976 legitur
989 1891 1076 1978 apud
1093 1891 1183 1955 Aris-

146 2013 325 2100 tophonem
355 2013 389 2077 in
413 2012 499 2078 Nub.
525 2036 553 2078 v.
581 2015 676 2083 1109.
701 2013 801 2100 Vesp.
827 2015 900 2077 511.
924 2011 983 2099 Eq.
1008 2014 1090 2078 347:
1116 2012 1183 2077 δικί-

148 2136 202 2202 διον
227 2131 313 2208 είπας
336 2131 368 2200 εὗ
390 2137 471 2200 κατίν
493 2133 571 2212 ξένου
595 2134 738 2212 μετοίκου.
763 2133 1010 2198 Deminntivum
1027 2139 1077 2198 est
1093 2134 1181 2198 voois

148 2257 221 2333 δίκη.
258 2256 307 2322 Of.
332 2256 373 2321 ad
396 2278 464 2322 veo.
488 2256 706 2338 δικαστηρίδιον.
741 2255 827 2320 Vide
851 2255 986 2343 praefat.
1010 2257 1028 2339 ξ
1054 2257 1083 2320 7.

192 2377 418 2461 δικορραφεῖν
450 2376 543 2459 „lites
567 2374 775 2442 oonssroino’'
799 2376 921 2462 legitur
944 2375 1030 2464 apud
1055 2377 1182 2441 Aristo·

147 2501 290 2588 phanem
323 2487 357 2564 in
388 2499 451 2563 Αν.
482 2521 511 2564 v.
541 2501 624 2563 1435
657 2505 690 2563 et
720 2499 754 2562 in
785 2498 872 2563 Nnb.
905 2520 935 2566 v.
963 2501 1065 2566 1483:
1101 2500 1180 2579 σ’ρίοῖς

145 2628 294 2704 παραινεῖς
317 2623 367 2686 οὐκ
392 2623 442 2686 ἐῶν
464 2621 653 2702 δικορραφεῖν,
677 2620 747 2686 ἀλλ’
773 2623 809 2693 ὡς
832 2621 955 2703 τάχιστ’
976 2621 1181 2701 ἐμπιμπράναι

144 2745 195 2818 τίον
217 2744 318 2809 οίκίαν.
356 2741 479 2808 Schola
503 2741 735 2824 κατασκουοίζειν
757 2741 849 2814 δίκας.
886 2742 1057 2808 Invenitur
1080 2743 1178 2808 etiem

147 2882 195 2949 ap.
219 2860 372 2949 Apollod.
398 2882 478 2927 eom.
503 2863 532 2926 4.
553 2863 636 2946 4543
660 2860 847 2943 δικορροίπτνς
865 2868 915 2926 est
931 2884 982 2950 ap.
999 2861 1103 2927 Bekk.
1116 2861 1180 2927 An.
1214 2895 1215 2898 ι

147 3004 177 3069 p.
202 2984 263 3060 35,
289 2983 345 3048 ubi
373 2989 406 3048 et
429 2981 604 3065 δικορροίφος.
637 2983 819 3066 Δικορραφία
844 2983 945 3048 habet
969 2983 1125 3048 Manetho
1150 2985 1180 3047 2.

148 3105 222 3169 296.
265 3104 317 3170 De
341 3105 577 3194 compositione
600 3104 675 3170 vide
699 3103 872 3186 νῖνριοτοιίς.
909 3104 958 3169 ef.
984 3105 1180 3192 composito,

148 3227 257 3312 qualia
287 3231 364 3292 sunt
395 3227 579 3309 δολορραφεῖν
602 3227 749 3313 (Phoe),
773 3233 965 3309 κακορραφεῖν
989 3225 1179 3314 (sequior.)‚

150 3353 387 3429 μνχανορραφεῖν
402 3347 523 3414 Aesoh.
539 3348 618 3413 cho.
637 3350 700 3413 219
714 3348 954 3432 (μκχανορροίφος
972 3349 1070 3436 Soph.
1087 3349 1124 3414 Ο.
1138 3349 1178 3414 R.
1220 3398 1232 3421 .

153 3468 220 3534 381.
246 3468 325 3533 Eur.
349 3468 452 3534 Andr.
469 3469 569 3557 448),
595 3476 789 3553 νευρορραφεῖν
806 3470 891 3536 Plet.
908 3469 1051 3557 Enthyd.
1070 3471 1134 3534 294
1147 3470 1178 3537 b.

152 3587 229 3657 Xen.
257 3590 332 3677 Oyr.
358 3593 388 3655 8.
413 3592 443 3657 2.
469 3592 499 3655 5.
524 3596 740 3673 φορμορραφεῖν
761 3590 880 3656 Aesoh.
898 3592 1023 3665 3.166,
1050 3590 1176 3655 similia.

186 3712 354 3778 δικωπεῖν
378 3710 452 3776 vide
477 3734 502 3776 s.
527 3734 556 3778 v.
579 3711 752 3777 διασποδεῖν.

187 3829 336 3909 δίμυξος
370 3829 453 3912 „duo
484 3832 609 3897 hebens
641 3833 825 3920 ellychnia”
858 3834 898 3899 de
930 3831 1030 3914 λίχνῳ
1062 3833 1179 3899 dieitur

142 3953 230 4034 apud
255 3951 464 4018 Philonidem
488 3952 523 4017 in
545 3953 583 4017 fr.
609 3955 646 4037 4,
673 3953 845 4018 Platonem
869 3954 903 4017 in
926 3954 964 4020 fr.
990 3954 1049 4032 84,
1077 3954 1180 4018 Meta·

136 4083 263 4147 genem
287 4074 322 4138 in
346 4073 383 4137 fr.
411 4075 468 4157 12,
486 4073 676 4160 Philyllinm
692 4075 726 4139 in
742 4075 781 4141 fr.
801 4077 859 4140 26:
877 4076 925 4139 καί
941 4075 1049 4154 λίχνον
1064 4073 1179 4150 δίμυξον

131 4184 206 4260 οἴσω
240 4194 290 4258 καὶ
319 4191 466 4274 θρυαλλίδ’
495 4194 528 4268 ἢν
552 4193 608 4277 ott.
634 4194 688 4259 Sic
712 4192 879 4274 τρίμυξος
902 4194 1068 4258 invenitur
1091 4192 1178 4280 apud

133 4301 356 4402 Metagenem
390 4315 425 4379 in
460 4313 497 4379 fr.
524 4315 583 4400 12;
618 4313 702 4393 μίξα
737 4321 788 4383 est
822 4314 1206 4488 ηοίίγυδυίυωὲὃφέφῖ
1253 4366 1340 4465 „z

1075 4429 1113 4486 ,ρ
1210 4415 1314 4468 λῦπαι
