2836 4934
193 294 235 358 78
575 299 841 376 Γλωττοστροφεῖν.

190 536 282 602 Idem
294 542 345 603 eet
357 536 443 624 quod
456 539 671 619 γλωττοδοψεῑν
683 537 804 625 (Etym.
817 559 860 606 m.
873 540 947 604 235.
963 540 1032 622 42).
1044 537 1223 624 Blaydeeio

190 660 303 726 vooab.
331 665 519 747 corruptum
543 659 692 745 videtnr3
716 682 874 749 reponere
897 661 1225 741 τ1111γλωττολοιχεῑν

193 783 244 849 vel
274 793 501 865 γλωττοτορνεῖν
530 784 584 849 vel
614 785 841 861 γλωττοδεφεῖν.
865 783 964 848 Notio
987 776 1110 849 usitata
1132 782 1224 848 verbi

190 911 397 982 γλωττοποιεῖν
429 925 500 970 esee
526 904 670 971 videtur:
699 905 872 987 „tibiarum
895 905 1013 991 ligulae
1036 901 1222 987 febrioeri”‚

190 1024 230 1089 of.
254 1025 468 1104 γλωττοτοιός,
484 1028 684 1100 γλωττοτοιίοο
700 1047 749 1112 ap.
765 1025 847 1091 Poll.
865 1026 894 1091 7.
914 1027 975 1090 153
994 1056 1035 1080 =
1052 1024 1223 1109 οὐλοττοιὸς,

191 1146 353 1212 οιύλοτοιίοι.
385 1146 431 1213 cf.
463 1156 695 1226 γλωττοιωμεΐον
727 1178 767 1229 -ᾴ
793 1147 893 1212 οἷδοῖον
917 1152 1079 1223 γννοιιοιεῑον
1103 1145 1224 1212 Eubul.

190 1271 221 1334 3.
246 1271 321 1335 272.
346 1269 400 1334 Ad
423 1269 559 1334 formam
583 1269 622 1336 of.
646 1269 819 1349 οὶγριοτοιός.
844 1267 930 1335 Vide
954 1268 1079 1355 praefat
1113 1270 1131 1353 ξ
1155 1268 1222 1344 2β.

196 1461 198 1465 ,
233 1398 553 1472 γλωττοστροφεῖν
591 1390 755 1477 „linguam
789 1390 919 1476 agiliter
953 1389 1068 1454 vereo”
1103 1389 1225 1476 legitur

188 1511 275 1600 apud
307 1512 562 1600 Aristophanem
593 1512 628 1576 in
661 1511 747 1578 Nub.
772 1534 802 1576 v.
829 1513 910 1576 792:
934 1511 994 1575 οὶτο
1017 1512 1077 1589 γὰρ
1099 1511 1224 1585 ὄλοῦροοι

189 1634 231 1711 μὴ
262 1633 360 1710 μοιθὼν
390 1639 654 1716 γλωττοστροφεῖν.
686 1631 813 1699 Schol.:
845 1634 897 1706 riv
923 1638 1064 1707 γλῶττοιν
1087 1632 1224 1714 στρέφειν

189 1753 238 1818 rui
262 1753 388 1819 ποικίλον
412 1755 441 1818 ἕν
459 1755 499 1835 τῷ
515 1756 613 1831 λέγειν
629 1753 842 1829 κοιθεστνρκένιιι.
859 1752 906 1819 Of.
922 1754 1060 1831 γλώττης
1075 1752 1225 1835 στρόφιγξ

189 1876 274 1941 Ron.
306 1877 380 1940 892.
411 1880 537 1953 γλῶσοιο
561 1876 690 1956 στρεττή
714 1875 813 1944 Hom.
837 1885 863 1939 T
888 1876 962 1941 248.
987 1875 1038 1942 De
1062 1875 1224 1963 oompoei·

190 1999 280 2063 tione
311 1997 351 2066 of.
383 1996 424 2061 ad
455 2017 524 2062 voe.
556 1995 727 2077 οὶγριοτοιὸς.
759 1996 813 2062 Ad
844 1996 997 2062 formam:
1029 1999 1224 2079 ἧνιοστροφεῖν

189 2119 266 2184 Eur.
291 2119 416 2184 Phoen.
442 2120 494 2183 76.
518 2120 733 2201 οἱοιιιοστροφεῖν
757 2118 877 2183 Aeeoh.
901 2119 992 2184 Pers.
1011 2120 1076 2184 753
1093 2118 1223 2184 similia.

187 2340 188 2344 Ἰ
233 2242 383 2317 γνοιθοΐιν
411 2241 577 2327 „percutio
601 2237 720 2306 mulae”
744 2240 865 2327 legitur
887 2241 975 2328 apud
998 2241 1223 2328 Phrynichum

189 2364 223 2427 in
246 2363 284 2427 fr.
309 2366 362 2429 28.
386 2362 433 2429 Cf.
458 2363 563 2430 Bekk.
586 2362 712 2429 Aneod.
739 2365 792 2448 87,
817 2365 855 2428 8:
879 2363 944 2428 οὶντὶ
969 2368 1019 2428 τοῦ
1043 2362 1224 2442 τὴνγνιὶθον

188 2481 318 2549 τύπτειν.
353 2484 497 2570 Heeyoh.
533 2485 565 2548 τὸ
596 2484 635 2556 εἱς
667 2483 788 2562 γνοὶθονς
819 2485 949 2550 τύπτειν.
981 2484 1086 2558 Γνοὶθος
1117 2485 1221 2551 subet.

189 2605 311 2691 legitur
334 2605 453 2691 passim
476 2625 528 2692 up.
546 2605 729 2691 eoriptoree.
753 2605 899 2670 Verbum
915 2607 1037 2682 γνωθοῦν
1053 2605 1223 2670 notionem

187 2727 356 2815 vulgarem
379 2726 552 2792 verborum
569 2726 886 2792 denominativorum
902 2727 936 2792 in
953 2726 1002 2792 -όω
1018 2727 1221 2803 nonhabet,

188 2847 229 2913 de
253 2870 318 2935 que
341 2847 414 2912 vide
438 2870 469 2913 v.
492 2847 652 2924 βολονοῦν.
676 2847 722 2927 Cf.
746 2848 881 2935 praefat.
907 2849 925 2932 ξ
951 2851 1016 2925 1γ.

232 2967 504 3045 γνωμοδιώιιτνς
531 2969 786 3050 „sententiarum
811 2969 980 3055 oeptator''
997 2969 1117 3055 legitur
1133 2969 1222 3056 apud

187 3089 355 3155 Cratinum
389 3089 424 3154 in
455 3089 493 3155 fr.
526 3092 609 3158 307.»
634 3089 681 3155 cf.
714 3089 904 3167 γνωμοτύσος
938 3095 972 3156 et
1003 3091 1222 3167 γνωμοτυπικὸς

188 3231 213 3273 e.
247 3231 276 3274 v.
312 3217 522 3286 γνωμοτνσεῑν.
554 3210 607 3276 Ad
639 3211 793 3276 formam:
824 3212 1068 3287 κολλοττοδιώκτνρς
1098 3210 1222 3299 (cinae-

188 3330 303 3395 dorum
341 3329 503 3420 captator)
544 3332 651 3397 Sobel.
691 3333 748 3397 Ar.
788 3333 873 3398 Nub.
912 3335 987 3399 348.
1023 3335 1221 3409 κνισοδιώιιτνς

187 3470 306 3515 nomen
340 3451 440 3515 muris
470 3453 505 3515 in
536 3451 688 3519 Batraoh.
722 3455 797 3536 234.
829 3454 880 3519 De
912 3455 1148 3542 compositione
1179 3457 1221 3524 of.

186 3571 358 3654 οὶγριοτοιός.
383 3573 468 3638 Vide
492 3573 627 3660 praefat.
651 3576 669 3659 ξ
696 3577 757 3651 1γ.
1014 3542 1024 3553 ,

231 3699 478 3772 γνωμοτντεῖν
505 3695 706 3776 „sententiae
729 3694 850 3760 formo'¹
874 3696 994 3782 legitur
1017 3696 1105 3784 apud
1128 3698 1221 3764 Arie-

187 3815 363 3901 tophenem
394 3815 428 3879 in
452 3815 583 3881 Theem.
608 3838 637 3880 v.
665 3818 722 3901 55,
747 3816 810 3881 udi.
835 3819 1102 3894 γνωμοτυπικός
1126 3840 1222 3900 „een-

187 3935 369 4001 tentioeus'’
400 3935 566 4001 invenitur
596 3938 629 4000 in
661 3936 769 4024 Equit.
799 3961 828 4002 v.
856 3939 959 4023 1379,
984 3945 1018 4003 et
1041 3938 1105 4006 adi.
1130 3963 1220 4015 γνω-

188 4056 341 4134 μοτότος
376 4057 576 4139 „sententies
607 4057 767 4124 formane”
798 4061 832 4123 in
863 4059 950 4126 Nub.
975 4082 1005 4126 v.
1031 4064 1105 4126 950.
1131 4064 1219 4147 Run.

188 4179 269 4243 877:
301 4184 418 4244 Μοῦσοω
449 4174 480 4242 ai
503 4183 642 4259 κωθοροῖτε
664 4183 862 4260 λεπτολόγους
885 4184 994 4264 φρένες
1016 4184 1121 4265 ἀνδρῶν
1144 4209 1221 4262 γνω·

185 4300 332 4379 μοτύτων.
364 4301 411 4366 cf.
444 4303 543 4367 verbo
573 4311 749 4379 μελοτνσεῖν
781 4305 899 4370 Aeeoh.
929 4307 990 4393 Ag.
1017 4307 1111 4371 1153.
1137 4307 1219 4375 Voo.
