<?xml version="1.0" encoding="UTF-8"?>
<!DOCTYPE html PUBLIC "-//W3C//DTD XHTML 1.0 Transitional//EN"
    "http://www.w3.org/TR/xhtml1/DTD/xhtml1-transitional.dtd">
<html xmlns="http://www.w3.org/1999/xhtml" xml:lang="en" lang="en">
 <head>
  <title>
</title>
<meta http-equiv="Content-Type" content="text/html;charset=utf-8" />
  <meta name='ocr-system' content='tesseract 3.04.00' />
  <meta name='ocr-capabilities' content='ocr_page ocr_carea ocr_par ocr_line ocrx_word'/>
</head>
<body>
  <div class='ocr_page' id='page_1' title='image "./devocabulisanti01junggoog_0110.png"; bbox 0 0 2836 4934; ppageno 0'>
   <div class='ocr_carea' id='block_1_1' title="bbox 556 285 1153 363">
    <p class='ocr_par' dir='ltr' id='par_1_1' title="bbox 556 285 1153 363">
     <span class='ocr_line' id='line_1_1' title="bbox 556 285 1153 363; baseline 0.008 -12"><span class='ocrx_word' id='word_1_1' title='bbox 556 285 729 363; x_wconf 80' lang='grc' dir='ltr'><em>Γογγύλλω.</em></span> <span class='ocrx_word' id='word_1_2' title='bbox 1114 294 1153 356; x_wconf 84' lang='grc'><strong>79</strong></span> 
     </span>
    </p>
   </div>
   <div class='ocr_carea' id='block_1_2' title="bbox 109 528 1159 2688">
    <p class='ocr_par' dir='ltr' id='par_1_2' title="bbox 121 528 1158 735">
     <span class='ocr_line' id='line_1_2' title="bbox 121 528 1157 623; baseline 0.01 -32"><span class='ocrx_word' id='word_1_3' title='bbox 121 528 342 605; x_wconf 78' lang='grc' dir='ltr'><em>γνωκοδνώκπνς</em></span> <span class='ocrx_word' id='word_1_4' title='bbox 374 534 424 596; x_wconf 85' lang='lat' dir='ltr'><strong>est</strong></span> <span class='ocrx_word' id='word_1_5' title='bbox 455 530 541 618; x_wconf 84' lang='lat' dir='ltr'>apud</span> <span class='ocrx_word' id='word_1_6' title='bbox 573 531 696 598; x_wconf 82' lang='lat' dir='ltr'><strong>Oratis.</strong></span> <span class='ocrx_word' id='word_1_7' title='bbox 722 532 758 596; x_wconf 87' lang='lat' dir='ltr'><strong>fr.</strong></span> <span class='ocrx_word' id='word_1_8' title='bbox 786 533 861 599; x_wconf 87' lang='grc'><strong>367.</strong></span> <span class='ocrx_word' id='word_1_9' title='bbox 886 543 1083 613; x_wconf 81' lang='grc' dir='ltr'><em>γνωμολογεῖν</em></span> <span class='ocrx_word' id='word_1_10' title='bbox 1106 558 1157 623; x_wconf 82' lang='lat' dir='ltr'><strong>ap.</strong></span> 
     </span>
     <span class='ocr_line' id='line_1_3' title="bbox 122 649 1158 735; baseline 0.009 -20"><span class='ocrx_word' id='word_1_11' title='bbox 122 649 226 715; x_wconf 80' lang='lat' dir='ltr'><strong>Arist.</strong></span> <span class='ocrx_word' id='word_1_12' title='bbox 250 651 332 719; x_wconf 82' lang='lat' dir='ltr'><strong>rhet.</strong></span> <span class='ocrx_word' id='word_1_13' title='bbox 356 655 386 718; x_wconf 83' lang='lat'><strong>2.</strong></span> <span class='ocrx_word' id='word_1_14' title='bbox 412 655 464 719; x_wconf 84' lang='lat'><strong>21.</strong></span> <span class='ocrx_word' id='word_1_15' title='bbox 489 654 540 719; x_wconf 93' lang='lat' dir='ltr'><strong>De</strong></span> <span class='ocrx_word' id='word_1_16' title='bbox 563 654 666 719; x_wconf 85' lang='lat' dir='ltr'><strong>forma</strong></span> <span class='ocrx_word' id='word_1_17' title='bbox 689 655 729 720; x_wconf 89' lang='lat' dir='ltr'><strong>cf.</strong></span> <span class='ocrx_word' id='word_1_18' title='bbox 754 657 914 735; x_wconf 68' lang='grc' dir='ltr'><em>αγρνοπονὸς</em></span> <span class='ocrx_word' id='word_1_19' title='bbox 931 663 964 722; x_wconf 85' lang='lat' dir='ltr'><strong>ot</strong></span> <span class='ocrx_word' id='word_1_20' title='bbox 979 658 1158 733; x_wconf 65' lang='lat' dir='ltr'><strong>limirensis.</strong></span> 
     </span>
    </p>

    <p class='ocr_par' dir='ltr' id='par_1_3' title="bbox 124 774 1159 1714">
     <span class='ocr_line' id='line_1_4' title="bbox 168 774 1158 865; baseline 0.007 -29"><span class='ocrx_word' id='word_1_21' title='bbox 168 777 370 851; x_wconf 75' lang='grc' dir='ltr'><em>γογγύλλει</em></span> <span class='ocrx_word' id='word_1_22' title='bbox 404 774 621 856; x_wconf 83' lang='lat' dir='ltr'>„rotundare”</span> <span class='ocrx_word' id='word_1_23' title='bbox 648 776 770 862; x_wconf 84' lang='lat' dir='ltr'><strong>legitur</strong></span> <span class='ocrx_word' id='word_1_24' title='bbox 792 776 879 864; x_wconf 84' lang='lat' dir='ltr'><strong>apud</strong></span> <span class='ocrx_word' id='word_1_25' title='bbox 904 777 1158 865; x_wconf 76' lang='lat' dir='ltr'><strong>Aristophanem</strong></span> 
     </span>
     <span class='ocr_line' id='line_1_5' title="bbox 133 895 1158 986; baseline 0.005 -27"><span class='ocrx_word' id='word_1_26' title='bbox 133 916 157 959; x_wconf 92' lang='lat' dir='ltr'><strong>n</strong></span> <span class='ocrx_word' id='word_1_27' title='bbox 181 895 313 963; x_wconf 82' lang='lat' dir='ltr'><strong>Thesm.</strong></span> <span class='ocrx_word' id='word_1_28' title='bbox 338 918 366 961; x_wconf 86' lang='lat' dir='ltr'><strong>v.</strong></span> <span class='ocrx_word' id='word_1_29' title='bbox 391 897 451 961; x_wconf 81' lang='lat'><strong>56:</strong></span> <span class='ocrx_word' id='word_1_30' title='bbox 469 897 544 962; x_wconf 87' lang='lat' dir='ltr'>libri</span> <span class='ocrx_word' id='word_1_31' title='bbox 559 902 593 962; x_wconf 88' lang='lat' dir='ltr'><strong>ot</strong></span> <span class='ocrx_word' id='word_1_32' title='bbox 611 896 700 962; x_wconf 77' lang='lat' dir='ltr'><strong>Suid.</strong></span> <span class='ocrx_word' id='word_1_33' title='bbox 718 897 892 978; x_wconf 83' lang='grc' dir='ltr'><em>γογγυλίζεν</em></span> <span class='ocrx_word' id='word_1_34' title='bbox 908 918 966 986; x_wconf 88' lang='lat' dir='ltr'><strong>pro</strong></span> <span class='ocrx_word' id='word_1_35' title='bbox 982 898 1158 976; x_wconf 73' lang='grc' dir='ltr'><strong>γογγύλλει.</strong></span> 
     </span>
     <span class='ocr_line' id='line_1_6' title="bbox 124 1016 1159 1109; baseline 0.003 -26"><span class='ocrx_word' id='word_1_36' title='bbox 124 1016 173 1083; x_wconf 84' lang='lat' dir='ltr'><strong>of.</strong></span> <span class='ocrx_word' id='word_1_37' title='bbox 198 1016 423 1097; x_wconf 79' lang='grc' dir='ltr'><em>ονγγογγύλλο</em></span> <span class='ocrx_word' id='word_1_38' title='bbox 448 1041 479 1087; x_wconf 79' lang='grc' dir='ltr'><strong>ι.</strong></span> <span class='ocrx_word' id='word_1_39' title='bbox 497 1021 548 1084; x_wconf 88' lang='grc'><strong>61.</strong></span> <span class='ocrx_word' id='word_1_40' title='bbox 570 1018 789 1100; x_wconf 84' lang='grc' dir='ltr'><em>Σπρογγύλλενν</em></span> <span class='ocrx_word' id='word_1_41' title='bbox 810 1026 860 1086; x_wconf 86' lang='lat' dir='ltr'><strong>ost</strong></span> <span class='ocrx_word' id='word_1_42' title='bbox 875 1021 962 1109; x_wconf 84' lang='lat' dir='ltr'>apud</span> <span class='ocrx_word' id='word_1_43' title='bbox 978 1022 1159 1087; x_wconf 83' lang='lat' dir='ltr'><strong>Leonidam</strong></span> 
     </span>
     <span class='ocr_line' id='line_1_7' title="bbox 124 1138 1157 1230; baseline 0.002 -25"><span class='ocrx_word' id='word_1_44' title='bbox 124 1139 339 1207; x_wconf 83' lang='lat' dir='ltr'><strong>Tarentinum</strong></span> <span class='ocrx_word' id='word_1_45' title='bbox 372 1143 413 1206; x_wconf 89' lang='grc'><strong>78</strong></span> <span class='ocrx_word' id='word_1_46' title='bbox 447 1138 540 1229; x_wconf 84' lang='lat' dir='ltr'><strong>(VII.</strong></span> <span class='ocrx_word' id='word_1_47' title='bbox 574 1140 673 1230; x_wconf 83' lang='grc'>726),</span> <span class='ocrx_word' id='word_1_48' title='bbox 707 1142 937 1223; x_wconf 80' lang='grc' dir='ltr'><em>ονοπρογγύλλο</em></span> <span class='ocrx_word' id='word_1_49' title='bbox 969 1141 1101 1207; x_wconf 86' lang='lat' dir='ltr'><strong>Alexid.</strong></span> <span class='ocrx_word' id='word_1_50' title='bbox 1126 1145 1157 1207; x_wconf 88' lang='lat'><strong>3.</strong></span> 
     </span>
     <span class='ocr_line' id='line_1_8' title="bbox 125 1262 1158 1347; baseline 0.003 -22"><span class='ocrx_word' id='word_1_51' title='bbox 125 1263 200 1330; x_wconf 84' lang='grc'><strong>496.</strong></span> <span class='ocrx_word' id='word_1_52' title='bbox 232 1263 418 1329; x_wconf 85' lang='lat' dir='ltr'><strong>Nicomaoh.</strong></span> <span class='ocrx_word' id='word_1_53' title='bbox 452 1265 483 1328; x_wconf 87' lang='lat'><strong>4.</strong></span> <span class='ocrx_word' id='word_1_54' title='bbox 509 1265 584 1331; x_wconf 85' lang='grc'><strong>587.</strong></span> <span class='ocrx_word' id='word_1_55' title='bbox 609 1263 685 1329; x_wconf 87' lang='lat' dir='ltr'><strong>Adi.</strong></span> <span class='ocrx_word' id='word_1_56' title='bbox 709 1265 861 1342; x_wconf 81' lang='grc' dir='ltr'><em>γογγύλος</em></span> <span class='ocrx_word' id='word_1_57' title='bbox 888 1262 1087 1347; x_wconf 85' lang='lat' dir='ltr'><strong>„rotundus”</strong></span> <span class='ocrx_word' id='word_1_58' title='bbox 1109 1264 1158 1328; x_wconf 93' lang='lat' dir='ltr'><strong>in-</strong></span> 
     </span>
     <span class='ocr_line' id='line_1_9' title="bbox 124 1384 1158 1475; baseline 0.003 -26"><span class='ocrx_word' id='word_1_59' title='bbox 124 1385 255 1475; x_wconf 82' lang='lat' dir='ltr'><strong>venitur</strong></span> <span class='ocrx_word' id='word_1_60' title='bbox 284 1407 336 1473; x_wconf 82' lang='lat' dir='ltr'><strong>cp.</strong></span> <span class='ocrx_word' id='word_1_61' title='bbox 368 1386 454 1452; x_wconf 82' lang='lat' dir='ltr'><strong>Plct.</strong></span> <span class='ocrx_word' id='word_1_62' title='bbox 487 1384 570 1451; x_wconf 81' lang='lat' dir='ltr'><strong>Crat.</strong></span> <span class='ocrx_word' id='word_1_63' title='bbox 599 1389 663 1452; x_wconf 88' lang='grc'><strong>427</strong></span> <span class='ocrx_word' id='word_1_64' title='bbox 679 1409 714 1471; x_wconf 91' lang='lat' dir='ltr'><strong>c,</strong></span> <span class='ocrx_word' id='word_1_65' title='bbox 738 1387 838 1453; x_wconf 87' lang='lat' dir='ltr'><strong>Arist.</strong></span> <span class='ocrx_word' id='word_1_66' title='bbox 862 1389 941 1454; x_wconf 84' lang='lat' dir='ltr'><strong>Pco.</strong></span> <span class='ocrx_word' id='word_1_67' title='bbox 966 1389 1028 1470; x_wconf 83' lang='lat'><strong>28,</strong></span> <span class='ocrx_word' id='word_1_68' title='bbox 1052 1393 1087 1452; x_wconf 87' lang='lat' dir='ltr'><strong>ot</strong></span> <span class='ocrx_word' id='word_1_69' title='bbox 1110 1408 1158 1452; x_wconf 90' lang='lat' dir='ltr'><strong>se·</strong></span> 
     </span>
     <span class='ocr_line' id='line_1_10' title="bbox 124 1506 1159 1595; baseline 0 -24"><span class='ocrx_word' id='word_1_70' title='bbox 124 1507 263 1593; x_wconf 84' lang='lat' dir='ltr'><strong>quiores.</strong></span> <span class='ocrx_word' id='word_1_71' title='bbox 297 1506 462 1584; x_wconf 81' lang='grc' dir='ltr'><em>Γογγύλλω</em></span> <span class='ocrx_word' id='word_1_72' title='bbox 494 1507 630 1573; x_wconf 87' lang='lat' dir='ltr'><strong>verbum</strong></span> <span class='ocrx_word' id='word_1_73' title='bbox 660 1507 749 1573; x_wconf 89' lang='lat' dir='ltr'><strong>idem</strong></span> <span class='ocrx_word' id='word_1_74' title='bbox 781 1508 943 1595; x_wconf 82' lang='lat' dir='ltr'><strong>significat</strong></span> <span class='ocrx_word' id='word_1_75' title='bbox 970 1507 1057 1595; x_wconf 88' lang='lat' dir='ltr'>quod</span> <span class='ocrx_word' id='word_1_76' title='bbox 1080 1507 1159 1572; x_wconf 82' lang='lat' dir='ltr'><strong>olibi</strong></span> 
     </span>
     <span class='ocr_line' id='line_1_11' title="bbox 126 1625 801 1714; baseline 0.003 -22"><span class='ocrx_word' id='word_1_77' title='bbox 126 1627 223 1692; x_wconf 82' lang='lat' dir='ltr'><strong>verba</strong></span> <span class='ocrx_word' id='word_1_78' title='bbox 245 1627 280 1692; x_wconf 94' lang='lat' dir='ltr'><strong>in</strong></span> <span class='ocrx_word' id='word_1_79' title='bbox 303 1629 353 1693; x_wconf 83' lang='grc' dir='ltr'><em>-οό</em></span> <span class='ocrx_word' id='word_1_80' title='bbox 379 1625 594 1714; x_wconf 85' lang='lat' dir='ltr'><strong>(„rotundum</strong></span> <span class='ocrx_word' id='word_1_81' title='bbox 618 1628 801 1712; x_wconf 86' lang='lat' dir='ltr'><strong>reddore”).</strong></span> 
     </span>
    </p>

    <p class='ocr_par' dir='ltr' id='par_1_4' title="bbox 109 1748 1159 2688">
     <span class='ocr_line' id='line_1_12' title="bbox 166 1748 1157 1837; baseline 0.001 -24"><span class='ocrx_word' id='word_1_82' title='bbox 166 1750 421 1830; x_wconf 77' lang='grc' dir='ltr'><em>γομφοπαγής</em></span> <span class='ocrx_word' id='word_1_83' title='bbox 445 1749 592 1837; x_wconf 88' lang='lat' dir='ltr'><strong>proprie:</strong></span> <span class='ocrx_word' id='word_1_84' title='bbox 620 1749 751 1832; x_wconf 85' lang='lat' dir='ltr'><strong>„cuneis</strong></span> <span class='ocrx_word' id='word_1_85' title='bbox 775 1770 801 1813; x_wconf 94' lang='lat' dir='ltr'><strong>s.</strong></span> <span class='ocrx_word' id='word_1_86' title='bbox 825 1750 924 1815; x_wconf 82' lang='lat' dir='ltr'><strong>clavis</strong></span> <span class='ocrx_word' id='word_1_87' title='bbox 948 1748 1157 1837; x_wconf 81' lang='lat' dir='ltr'><strong>compactus”</strong></span> 
     </span>
     <span class='ocr_line' id='line_1_13' title="bbox 123 1868 1157 1959; baseline 0.001 -24"><span class='ocrx_word' id='word_1_88' title='bbox 123 1868 210 1956; x_wconf 83' lang='lat' dir='ltr'>apud</span> <span class='ocrx_word' id='word_1_89' title='bbox 242 1869 410 1958; x_wconf 86' lang='lat' dir='ltr'><strong>Aristoph.</strong></span> <span class='ocrx_word' id='word_1_90' title='bbox 442 1869 477 1936; x_wconf 92' lang='lat' dir='ltr'><strong>in</strong></span> <span class='ocrx_word' id='word_1_91' title='bbox 508 1871 592 1936; x_wconf 78' lang='lat' dir='ltr'><strong>Itan.</strong></span> <span class='ocrx_word' id='word_1_92' title='bbox 622 1893 652 1936; x_wconf 87' lang='lat' dir='ltr'><strong>v.</strong></span> <span class='ocrx_word' id='word_1_93' title='bbox 678 1873 743 1935; x_wconf 84' lang='grc'><strong>824</strong></span> <span class='ocrx_word' id='word_1_94' title='bbox 768 1877 945 1959; x_wconf 84' lang='lat' dir='ltr'><strong>usurpatur</strong></span> <span class='ocrx_word' id='word_1_95' title='bbox 968 1870 1008 1937; x_wconf 85' lang='lat' dir='ltr'><strong>de</strong></span> <span class='ocrx_word' id='word_1_96' title='bbox 1033 1872 1157 1948; x_wconf 88' lang='lat' dir='ltr'><strong>verbis,</strong></span> 
     </span>
     <span class='ocr_line' id='line_1_14' title="bbox 109 1992 1159 2082; baseline 0.003 -26"><span class='ocrx_word' id='word_1_97' title='bbox 109 1998 160 2074; x_wconf 82' lang='lat' dir='ltr'><strong>¹ut</strong></span> <span class='ocrx_word' id='word_1_98' title='bbox 184 1993 385 2075; x_wconf 72' lang='grc' dir='ltr'><strong>ιίιιιρήμαπα</strong></span> <span class='ocrx_word' id='word_1_99' title='bbox 400 1999 592 2076; x_wconf 72' lang='grc' dir='ltr'><em>γομφοπαγῆ</em></span> <span class='ocrx_word' id='word_1_100' title='bbox 611 1993 729 2075; x_wconf 84' lang='lat' dir='ltr'><strong>„verba</strong></span> <span class='ocrx_word' id='word_1_101' title='bbox 747 1992 993 2082; x_wconf 80' lang='lat' dir='ltr'><strong>compaginata”</strong></span> <span class='ocrx_word' id='word_1_102' title='bbox 1011 1994 1159 2081; x_wconf 84' lang='lat' dir='ltr'><strong>(Blayd).</strong></span> 
     </span>
     <span class='ocr_line' id='line_1_15' title="bbox 124 2087 1157 2201; baseline 0.008 -27"><span class='ocrx_word' id='word_1_103' title='bbox 124 2109 170 2178; x_wconf 88' lang='lat' dir='ltr'><strong>cf.</strong></span> <span class='ocrx_word' id='word_1_104' title='bbox 200 2087 271 2177; x_wconf 76' lang='lat' dir='ltr'><strong>roc.</strong></span> <span class='ocrx_word' id='word_1_105' title='bbox 303 2111 502 2195; x_wconf 72' lang='grc' dir='ltr'><em>γοαφό-δετος</em></span> <span class='ocrx_word' id='word_1_106' title='bbox 533 2112 574 2178; x_wconf 87' lang='lat' dir='ltr'><strong>de</strong></span> <span class='ocrx_word' id='word_1_107' title='bbox 605 2113 760 2180; x_wconf 81' lang='lat' dir='ltr'><strong>nasibus:</strong></span> <span class='ocrx_word' id='word_1_108' title='bbox 793 2113 912 2179; x_wconf 86' lang='lat' dir='ltr'><strong>Aosch.</strong></span> <span class='ocrx_word' id='word_1_109' title='bbox 941 2113 1054 2201; x_wconf 81' lang='lat' dir='ltr'><strong>Suppl.</strong></span> <span class='ocrx_word' id='word_1_110' title='bbox 1081 2115 1157 2182; x_wconf 86' lang='grc'><strong>846.</strong></span> 
     </span>
     <span class='ocr_line' id='line_1_16' title="bbox 122 2222 1157 2321; baseline -0.001 -23"><span class='ocrx_word' id='word_1_111' title='bbox 122 2233 172 2298; x_wconf 88' lang='lat' dir='ltr'><strong>De</strong></span> <span class='ocrx_word' id='word_1_112' title='bbox 197 2222 431 2321; x_wconf 72' lang='lat' dir='ltr'>compositione</span> <span class='ocrx_word' id='word_1_113' title='bbox 456 2233 495 2300; x_wconf 90' lang='lat' dir='ltr'><strong>cf.</strong></span> <span class='ocrx_word' id='word_1_114' title='bbox 520 2235 737 2314; x_wconf 80' lang='grc' dir='ltr'><em>οὶναγχνππεΐν.</em></span> <span class='ocrx_word' id='word_1_115' title='bbox 758 2232 984 2320; x_wconf 82' lang='lat' dir='ltr'><strong>„Magnificam</strong></span> <span class='ocrx_word' id='word_1_116' title='bbox 1002 2233 1157 2319; x_wconf 80' lang='lat' dir='ltr'><strong>Aeschyli</strong></span> 
     </span>
     <span class='ocr_line' id='line_1_17' title="bbox 123 2351 1155 2443; baseline 0.003 -26"><span class='ocrx_word' id='word_1_117' title='bbox 123 2351 302 2419; x_wconf 85' lang='lat' dir='ltr'><strong>dictionem</strong></span> <span class='ocrx_word' id='word_1_118' title='bbox 332 2354 496 2438; x_wconf 83' lang='lat' dir='ltr'><strong>imitatur,</strong></span> <span class='ocrx_word' id='word_1_119' title='bbox 526 2355 636 2441; x_wconf 81' lang='lat' dir='ltr'><strong>magni</strong></span> <span class='ocrx_word' id='word_1_120' title='bbox 659 2355 812 2443; x_wconf 86' lang='lat' dir='ltr'><strong>ponderis</strong></span> <span class='ocrx_word' id='word_1_121' title='bbox 835 2355 936 2420; x_wconf 84' lang='lat' dir='ltr'><strong>verba</strong></span> <span class='ocrx_word' id='word_1_122' title='bbox 959 2375 1155 2441; x_wconf 81' lang='lat' dir='ltr'><strong>congerens,</strong></span> 
     </span>
     <span class='ocr_line' id='line_1_18' title="bbox 121 2475 1157 2564; baseline -0.002 -22"><span class='ocrx_word' id='word_1_123' title='bbox 121 2498 208 2564; x_wconf 79' lang='lat' dir='ltr'><strong>quae</strong></span> <span class='ocrx_word' id='word_1_124' title='bbox 232 2482 342 2544; x_wconf 83' lang='lat' dir='ltr'><strong>temen</strong></span> <span class='ocrx_word' id='word_1_125' title='bbox 366 2499 432 2542; x_wconf 91' lang='lat' dir='ltr'><strong>non</strong></span> <span class='ocrx_word' id='word_1_126' title='bbox 455 2476 610 2562; x_wconf 80' lang='lat' dir='ltr'><strong>Aeschyli</strong></span> <span class='ocrx_word' id='word_1_127' title='bbox 634 2476 691 2541; x_wconf 90' lang='lat' dir='ltr'><strong>sed</strong></span> <span class='ocrx_word' id='word_1_128' title='bbox 707 2497 860 2563; x_wconf 82' lang='lat' dir='ltr'><strong>magnam</strong></span> <span class='ocrx_word' id='word_1_129' title='bbox 877 2481 1003 2563; x_wconf 80' lang='lat' dir='ltr'><strong>partem</strong></span> <span class='ocrx_word' id='word_1_130' title='bbox 1021 2475 1157 2541; x_wconf 89' lang='lat' dir='ltr'><strong>Homeri</strong></span> 
     </span>
     <span class='ocr_line' id='line_1_19' title="bbox 121 2596 1157 2688; baseline -0.004 -23"><span class='ocrx_word' id='word_1_131' title='bbox 121 2599 254 2687; x_wconf 81' lang='lat' dir='ltr'><strong>propria</strong></span> <span class='ocrx_word' id='word_1_132' title='bbox 286 2598 380 2665; x_wconf 81' lang='lat' dir='ltr'><strong>sunt”</strong></span> <span class='ocrx_word' id='word_1_133' title='bbox 413 2597 456 2688; x_wconf 85' lang='lat' dir='ltr'><strong>(v.</strong></span> <span class='ocrx_word' id='word_1_134' title='bbox 490 2598 521 2663; x_wconf 90' lang='lat' dir='ltr'><strong>d.</strong></span> <span class='ocrx_word' id='word_1_135' title='bbox 554 2598 587 2665; x_wconf 81' lang='lat' dir='ltr'><strong>S.</strong></span> <span class='ocrx_word' id='word_1_136' title='bbox 619 2596 753 2686; x_wconf 68' lang='lat' dir='ltr'><strong>Boin).</strong></span> <span class='ocrx_word' id='word_1_137' title='bbox 778 2597 832 2663; x_wconf 90' lang='lat' dir='ltr'><strong>Ad</strong></span> <span class='ocrx_word' id='word_1_138' title='bbox 858 2597 994 2662; x_wconf 80' lang='lat' dir='ltr'><strong>formam</strong></span> <span class='ocrx_word' id='word_1_139' title='bbox 1017 2596 1058 2662; x_wconf 90' lang='lat' dir='ltr'><strong>cf.</strong></span> <span class='ocrx_word' id='word_1_140' title='bbox 1082 2621 1157 2677; x_wconf 86' lang='grc' dir='ltr'><em>προ-</em></span> 
     </span>
    </p>
   </div>
   <div class='ocr_carea' id='block_1_3' title="bbox 120 2717 1304 2811">
    <p class='ocr_par' dir='ltr' id='par_1_5' title="bbox 120 2717 1304 2811">
     <span class='ocr_line' id='line_1_20' title="bbox 120 2717 1304 2811; baseline -0.009 -23"><span class='ocrx_word' id='word_1_141' title='bbox 120 2723 274 2800; x_wconf 61' lang='grc' dir='ltr'><em>ποποιγής»</em></span> <span class='ocrx_word' id='word_1_142' title='bbox 290 2721 389 2789; x_wconf 90' lang='lat' dir='ltr'><strong>Hom.</strong></span> <span class='ocrx_word' id='word_1_143' title='bbox 417 2730 441 2786; x_wconf 86' lang='lat' dir='ltr'><strong>E</strong></span> <span class='ocrx_word' id='word_1_144' title='bbox 469 2722 542 2785; x_wconf 84' lang='grc'><strong>194.</strong></span> <span class='ocrx_word' id='word_1_145' title='bbox 567 2729 601 2784; x_wconf 84' lang='grc' dir='ltr'>Ω</span> <span class='ocrx_word' id='word_1_146' title='bbox 626 2722 702 2787; x_wconf 82' lang='grc'><strong>267.</strong></span> <span class='ocrx_word' id='word_1_147' title='bbox 727 2720 862 2795; x_wconf 68' lang='lat' dir='ltr'><strong>cinaris</strong></span> <span class='ocrx_word' id='word_1_148' title='bbox 886 2719 972 2784; x_wconf 83' lang='lat' dir='ltr'><strong>Plct.</strong></span> <span class='ocrx_word' id='word_1_149' title='bbox 996 2717 1099 2804; x_wconf 83' lang='lat' dir='ltr'><strong>Logg.</strong></span> <span class='ocrx_word' id='word_1_150' title='bbox 1125 2719 1155 2782; x_wconf 91' lang='grc'><strong>6.</strong></span> <span class='ocrx_word' id='word_1_151' title='bbox 1246 2807 1249 2811; x_wconf 21' lang='grc'>’</span> <span class='ocrx_word' id='word_1_152' title='bbox 1300 2768 1304 2776; x_wconf 88' lang='grc'><strong>.</strong></span> 
     </span>
    </p>
   </div>
   <div class='ocr_carea' id='block_1_4' title="bbox 120 2839 1154 3544">
    <p class='ocr_par' dir='ltr' id='par_1_6' title="bbox 120 2839 1151 3030">
     <span class='ocr_line' id='line_1_21' title="bbox 123 2839 1151 2929; baseline -0.007 -19"><span class='ocrx_word' id='word_1_153' title='bbox 123 2845 187 2910; x_wconf 82' lang='grc'><strong>775</strong></span> <span class='ocrx_word' id='word_1_154' title='bbox 201 2866 227 2910; x_wconf 92' lang='lat' dir='ltr'><strong>c.</strong></span> <span class='ocrx_word' id='word_1_155' title='bbox 250 2844 336 2911; x_wconf 85' lang='lat' dir='ltr'><strong>Xon.</strong></span> <span class='ocrx_word' id='word_1_156' title='bbox 361 2842 443 2929; x_wconf 83' lang='lat' dir='ltr'><strong>Cyn.</strong></span> <span class='ocrx_word' id='word_1_157' title='bbox 468 2844 498 2907; x_wconf 81' lang='lat'><strong>2.</strong></span> <span class='ocrx_word' id='word_1_158' title='bbox 525 2844 555 2920; x_wconf 84' lang='grc'><strong>7,</strong></span> <span class='ocrx_word' id='word_1_159' title='bbox 580 2849 642 2908; x_wconf 85' lang='lat' dir='ltr'><strong>etc.</strong></span> <span class='ocrx_word' id='word_1_160' title='bbox 666 2841 792 2918; x_wconf 74' lang='grc' dir='ltr'><em>απαννὶς</em></span> <span class='ocrx_word' id='word_1_161' title='bbox 816 2841 894 2906; x_wconf 87' lang='lat' dir='ltr'><strong>Hor.</strong></span> <span class='ocrx_word' id='word_1_162' title='bbox 922 2842 951 2904; x_wconf 94' lang='grc'><strong>7.</strong></span> <span class='ocrx_word' id='word_1_163' title='bbox 979 2842 1030 2904; x_wconf 92' lang='grc'><strong>61.</strong></span> <span class='ocrx_word' id='word_1_164' title='bbox 1056 2839 1151 2926; x_wconf 83' lang='lat' dir='ltr'><strong>Diog.</strong></span> 
     </span>
     <span class='ocr_line' id='line_1_22' title="bbox 120 2965 272 3030; baseline 0 0"><span class='ocrx_word' id='word_1_165' title='bbox 120 2965 159 3030; x_wconf 87' lang='lat' dir='ltr'><strong>L.</strong></span> <span class='ocrx_word' id='word_1_166' title='bbox 186 2966 217 3029; x_wconf 93' lang='grc'><strong>7.</strong></span> <span class='ocrx_word' id='word_1_167' title='bbox 245 2966 272 3030; x_wconf 93' lang='grc'><strong>1.</strong></span> 
     </span>
    </p>

    <p class='ocr_par' dir='ltr' id='par_1_7' title="bbox 121 3081 1154 3544">
     <span class='ocr_line' id='line_1_23' title="bbox 164 3081 1154 3169; baseline -0.002 -21"><span class='ocrx_word' id='word_1_168' title='bbox 164 3083 396 3166; x_wconf 80' lang='grc' dir='ltr'><em>γοργολόφας</em></span> <span class='ocrx_word' id='word_1_169' title='bbox 427 3082 557 3148; x_wconf 82' lang='lat' dir='ltr'><strong>videtur</strong></span> <span class='ocrx_word' id='word_1_170' title='bbox 590 3082 772 3169; x_wconf 82' lang='lat' dir='ltr'><strong>significare</strong></span> <span class='ocrx_word' id='word_1_171' title='bbox 800 3081 875 3168; x_wconf 84' lang='lat' dir='ltr'><strong>„qui</strong></span> <span class='ocrx_word' id='word_1_172' title='bbox 899 3081 1000 3146; x_wconf 88' lang='lat' dir='ltr'><strong>habet</strong></span> <span class='ocrx_word' id='word_1_173' title='bbox 1024 3081 1154 3148; x_wconf 79' lang='lat' dir='ltr'><strong>cristam</strong></span> 
     </span>
     <span class='ocr_line' id='line_1_24' title="bbox 121 3201 1154 3291; baseline 0 -23"><span class='ocrx_word' id='word_1_174' title='bbox 121 3203 300 3270; x_wconf 81' lang='lat' dir='ltr'><strong>terribilem</strong></span> <span class='ocrx_word' id='word_1_175' title='bbox 323 3205 357 3269; x_wconf 91' lang='lat' dir='ltr'><strong>in</strong></span> <span class='ocrx_word' id='word_1_176' title='bbox 381 3201 528 3269; x_wconf 81' lang='lat' dir='ltr'><strong>cosside&#39;&#39;</strong></span> <span class='ocrx_word' id='word_1_177' title='bbox 553 3203 639 3291; x_wconf 85' lang='lat' dir='ltr'><strong>apud</strong></span> <span class='ocrx_word' id='word_1_178' title='bbox 663 3203 830 3289; x_wconf 87' lang='lat' dir='ltr'><strong>Aristoph.</strong></span> <span class='ocrx_word' id='word_1_179' title='bbox 854 3203 888 3267; x_wconf 92' lang='lat' dir='ltr'><strong>in</strong></span> <span class='ocrx_word' id='word_1_180' title='bbox 912 3202 993 3267; x_wconf 88' lang='lat' dir='ltr'><strong>Ach.</strong></span> <span class='ocrx_word' id='word_1_181' title='bbox 1019 3204 1100 3268; x_wconf 78' lang='lat'><strong>567:</strong></span> <span class='ocrx_word' id='word_1_182' title='bbox 1125 3205 1154 3268; x_wconf 78' lang='grc'><strong>76</strong></span> 
     </span>
     <span class='ocr_line' id='line_1_25' title="bbox 121 3321 1151 3409; baseline -0.002 -18"><span class='ocrx_word' id='word_1_183' title='bbox 121 3329 255 3407; x_wconf 71' lang='grc' dir='ltr'><strong>Λάμαχ’</strong></span> <span class='ocrx_word' id='word_1_184' title='bbox 285 3321 306 3391; x_wconf 75' lang='grc' dir='ltr'><strong><em>ὦ</em></strong></span> <span class='ocrx_word' id='word_1_185' title='bbox 335 3326 455 3402; x_wconf 81' lang='grc' dir='ltr'><em>βλέπων</em></span> <span class='ocrx_word' id='word_1_186' title='bbox 485 3327 643 3407; x_wconf 76' lang='grc' dir='ltr'><em>αοτραποὶς</em></span> <span class='ocrx_word' id='word_1_187' title='bbox 674 3326 831 3404; x_wconf 70' lang='grc' dir='ltr'><em>βοήθησον,</em></span> <span class='ocrx_word' id='word_1_188' title='bbox 857 3323 877 3388; x_wconf 85' lang='grc' dir='ltr'><strong><em>ὦ</em></strong></span> <span class='ocrx_word' id='word_1_189' title='bbox 903 3326 1088 3409; x_wconf 79' lang='grc' dir='ltr'><em>γοργολόφα,</em></span> <span class='ocrx_word' id='word_1_190' title='bbox 1113 3325 1151 3389; x_wconf 89' lang='lat' dir='ltr'><strong>cf.</strong></span> 
     </span>
     <span class='ocr_line' id='line_1_26' title="bbox 121 3444 1153 3544; baseline 0 -33"><span class='ocrx_word' id='word_1_191' title='bbox 121 3444 177 3534; x_wconf 84' lang='lat' dir='ltr'><strong>llq.</strong></span> <span class='ocrx_word' id='word_1_192' title='bbox 199 3448 292 3511; x_wconf 88' lang='lat'><strong>1181.</strong></span> <span class='ocrx_word' id='word_1_193' title='bbox 309 3445 519 3544; x_wconf 80' lang='lat' dir='ltr'><strong>Grammatici</strong></span> <span class='ocrx_word' id='word_1_194' title='bbox 535 3447 622 3512; x_wconf 84' lang='lat' dir='ltr'><strong>enim</strong></span> <span class='ocrx_word' id='word_1_195' title='bbox 637 3447 742 3524; x_wconf 75' lang='grc' dir='ltr'><em>γοργὸς</em></span> <span class='ocrx_word' id='word_1_196' title='bbox 760 3445 925 3533; x_wconf 84' lang='lat' dir='ltr'><strong>explicant</strong></span> <span class='ocrx_word' id='word_1_197' title='bbox 942 3467 1000 3534; x_wconf 92' lang='lat' dir='ltr'><strong>per</strong></span> <span class='ocrx_word' id='word_1_198' title='bbox 1015 3445 1153 3528; x_wconf 82' lang='grc' dir='ltr'><em>φοβερὸς,</em></span> 
     </span>
    </p>
   </div>
   <div class='ocr_carea' id='block_1_5' title="bbox 112 3567 1230 4264">
    <p class='ocr_par' dir='ltr' id='par_1_8' title="bbox 112 3567 1155 3655">
     <span class='ocr_line' id='line_1_27' title="bbox 112 3567 1155 3655; baseline 0.001 -24"><span class='ocrx_word' id='word_1_199' title='bbox 112 3567 224 3652; x_wconf 57' lang='grc' dir='ltr'><em>δοκὸς,</em></span> <span class='ocrx_word' id='word_1_200' title='bbox 258 3567 297 3634; x_wconf 86' lang='lat' dir='ltr'><strong>cf.</strong></span> <span class='ocrx_word' id='word_1_201' title='bbox 328 3567 433 3649; x_wconf 79' lang='grc' dir='ltr'><em>γοργὸς</em></span> <span class='ocrx_word' id='word_1_202' title='bbox 464 3569 530 3634; x_wconf 76' lang='grc' dir='ltr'><em>ἰδεῖν</em></span> <span class='ocrx_word' id='word_1_203' title='bbox 563 3589 614 3655; x_wconf 85' lang='lat' dir='ltr'><strong>ap.</strong></span> <span class='ocrx_word' id='word_1_204' title='bbox 645 3568 730 3635; x_wconf 87' lang='lat' dir='ltr'><strong>Xon.</strong></span> <span class='ocrx_word' id='word_1_205' title='bbox 762 3568 835 3654; x_wconf 82' lang='lat' dir='ltr'><strong>(lyr.</strong></span> <span class='ocrx_word' id='word_1_206' title='bbox 869 3570 900 3633; x_wconf 88' lang='grc'><strong>4.</strong></span> <span class='ocrx_word' id='word_1_207' title='bbox 934 3570 963 3632; x_wconf 88' lang='grc'><strong>4.</strong></span> <span class='ocrx_word' id='word_1_208' title='bbox 997 3571 1025 3632; x_wconf 89' lang='lat'><strong>3.</strong></span> <span class='ocrx_word' id='word_1_209' title='bbox 1050 3568 1155 3649; x_wconf 80' lang='grc' dir='ltr'><em>γοργὸν</em></span> 
     </span>
    </p>

    <p class='ocr_par' dir='ltr' id='par_1_9' title="bbox 122 3662 1230 4264">
     <span class='ocr_line' id='line_1_28' title="bbox 128 3662 1230 3778; baseline 0 -25"><span class='ocrx_word' id='word_1_210' title='bbox 128 3689 301 3769; x_wconf 69' lang='grc' dir='ltr'><strong>ἀναβλέπειν</strong></span> <span class='ocrx_word' id='word_1_211' title='bbox 323 3689 400 3756; x_wconf 83' lang='lat' dir='ltr'><strong>llur.</strong></span> <span class='ocrx_word' id='word_1_212' title='bbox 425 3689 538 3778; x_wconf 80' lang='lat' dir='ltr'><strong>Suppl.</strong></span> <span class='ocrx_word' id='word_1_213' title='bbox 564 3691 640 3759; x_wconf 78' lang='lat'><strong>322.</strong></span> <span class='ocrx_word' id='word_1_214' title='bbox 663 3689 739 3755; x_wconf 83' lang='lat' dir='ltr'><strong>Alia</strong></span> <span class='ocrx_word' id='word_1_215' title='bbox 762 3689 895 3755; x_wconf 81' lang='lat' dir='ltr'><strong>nomina</strong></span> <span class='ocrx_word' id='word_1_216' title='bbox 917 3689 1014 3753; x_wconf 89' lang='lat' dir='ltr'><strong>huius</strong></span> <span class='ocrx_word' id='word_1_217' title='bbox 1030 3688 1154 3754; x_wconf 85' lang='lat' dir='ltr'><strong>formae</strong></span> <span class='ocrx_word' id='word_1_218' title='bbox 1226 3662 1230 3668; x_wconf 32' lang='lat'>¹</span> 
     </span>
     <span class='ocr_line' id='line_1_29' title="bbox 131 3809 1153 3896; baseline 0.004 -25"><span class='ocrx_word' id='word_1_219' title='bbox 131 3817 213 3879; x_wconf 85' lang='lat' dir='ltr'><strong>sunt:</strong></span> <span class='ocrx_word' id='word_1_220' title='bbox 245 3812 430 3896; x_wconf 80' lang='grc' dir='ltr'><em>λευκολόφας</em></span> <span class='ocrx_word' id='word_1_221' title='bbox 457 3811 534 3877; x_wconf 86' lang='lat' dir='ltr'><strong>Eur.</strong></span> <span class='ocrx_word' id='word_1_222' title='bbox 558 3811 684 3877; x_wconf 87' lang='lat' dir='ltr'><strong>Phoen.</strong></span> <span class='ocrx_word' id='word_1_223' title='bbox 712 3813 785 3876; x_wconf 87' lang='lat'><strong>119.</strong></span> <span class='ocrx_word' id='word_1_224' title='bbox 810 3809 858 3875; x_wconf 83' lang='lat' dir='ltr'><strong>Ol.</strong></span> <span class='ocrx_word' id='word_1_225' title='bbox 883 3810 941 3876; x_wconf 90' lang='lat' dir='ltr'><strong>Ar.</strong></span> <span class='ocrx_word' id='word_1_226' title='bbox 967 3810 1052 3876; x_wconf 87' lang='lat' dir='ltr'><strong>Eocl.</strong></span> <span class='ocrx_word' id='word_1_227' title='bbox 1078 3813 1153 3876; x_wconf 86' lang='grc'><strong>645.</strong></span> 
     </span>
     <span class='ocr_line' id='line_1_30' title="bbox 131 3933 1154 4020; baseline 0 -22"><span class='ocrx_word' id='word_1_228' title='bbox 131 3933 312 4018; x_wconf 77' lang='grc' dir='ltr'><em>χροπολόφας</em></span> <span class='ocrx_word' id='word_1_229' title='bbox 342 3934 419 4020; x_wconf 85' lang='lat' dir='ltr'><strong>Lys.</strong></span> <span class='ocrx_word' id='word_1_230' title='bbox 450 3936 525 3999; x_wconf 88' lang='grc'><strong>344.</strong></span> <span class='ocrx_word' id='word_1_231' title='bbox 549 3933 739 4017; x_wconf 76' lang='grc' dir='ltr'><em>Γοργολόφας</em></span> <span class='ocrx_word' id='word_1_232' title='bbox 762 3933 936 3999; x_wconf 79' lang='lat' dir='ltr'><strong>formatum</strong></span> <span class='ocrx_word' id='word_1_233' title='bbox 964 3939 1014 3997; x_wconf 88' lang='lat' dir='ltr'><strong>est</strong></span> <span class='ocrx_word' id='word_1_234' title='bbox 1038 3933 1154 3998; x_wconf 87' lang='lat' dir='ltr'><strong>eodem</strong></span> 
     </span>
     <span class='ocr_line' id='line_1_31' title="bbox 129 4054 1154 4142; baseline 0.002 -25"><span class='ocrx_word' id='word_1_235' title='bbox 129 4054 218 4120; x_wconf 88' lang='lat' dir='ltr'><strong>modo</strong></span> <span class='ocrx_word' id='word_1_236' title='bbox 254 4077 319 4142; x_wconf 92' lang='lat' dir='ltr'><strong>quo</strong></span> <span class='ocrx_word' id='word_1_237' title='bbox 353 4056 570 4137; x_wconf 79' lang='grc' dir='ltr'><em>γοργόνοπος</em></span> <span class='ocrx_word' id='word_1_238' title='bbox 606 4055 688 4121; x_wconf 91' lang='lat' dir='ltr'><strong>Ach.</strong></span> <span class='ocrx_word' id='word_1_239' title='bbox 724 4056 826 4141; x_wconf 84' lang='grc'><strong>1124,</strong></span> <span class='ocrx_word' id='word_1_240' title='bbox 860 4055 922 4119; x_wconf 91' lang='lat' dir='ltr'><strong>nisi</strong></span> <span class='ocrx_word' id='word_1_241' title='bbox 953 4054 1014 4119; x_wconf 91' lang='lat' dir='ltr'><strong>hoo</strong></span> <span class='ocrx_word' id='word_1_242' title='bbox 1045 4055 1154 4141; x_wconf 88' lang='lat' dir='ltr'><strong>potins</strong></span> 
     </span>
     <span class='ocr_line' id='line_1_32' title="bbox 122 4175 1152 4264; baseline 0.009 -30"><span class='ocrx_word' id='word_1_243' title='bbox 122 4176 328 4243; x_wconf 86' lang='lat' dir='ltr'><strong>scribendum</strong></span> <span class='ocrx_word' id='word_1_244' title='bbox 353 4177 395 4242; x_wconf 83' lang='lat' dir='ltr'><strong>sit</strong></span> <span class='ocrx_word' id='word_1_245' title='bbox 418 4179 641 4258; x_wconf 77' lang='grc' dir='ltr'><em>γοργόναπος</em></span> <span class='ocrx_word' id='word_1_246' title='bbox 671 4177 795 4264; x_wconf 82' lang='grc' dir='ltr'><strong>(Ηοιιι.</strong></span> <span class='ocrx_word' id='word_1_247' title='bbox 819 4176 880 4240; x_wconf 83' lang='lat' dir='ltr'><strong>Ex.</strong></span> <span class='ocrx_word' id='word_1_248' title='bbox 905 4175 1152 4264; x_wconf 79' lang='lat' dir='ltr'><strong>Grit.p.v11):</strong></span> 
     </span>
    </p>
   </div>
   <div class='ocr_carea' id='block_1_6' title="bbox 112 4297 1152 4381">
    <p class='ocr_par' dir='ltr' id='par_1_10' title="bbox 112 4297 1152 4381">
     <span class='ocr_line' id='line_1_33' title="bbox 112 4297 1152 4381; baseline 0 -21"><span class='ocrx_word' id='word_1_249' title='bbox 112 4297 197 4375; x_wconf 80' lang='grc' dir='ltr'><em>φέρε</em></span> <span class='ocrx_word' id='word_1_250' title='bbox 224 4301 301 4380; x_wconf 77' lang='grc' dir='ltr'><em>δεῦρο</em></span> <span class='ocrx_word' id='word_1_251' title='bbox 331 4299 513 4380; x_wconf 77' lang='grc' dir='ltr'><em>γοργόνωπον</em></span> <span class='ocrx_word' id='word_1_252' title='bbox 544 4299 663 4372; x_wconf 70' lang='grc' dir='ltr'><em>κοπίδος</em></span> <span class='ocrx_word' id='word_1_253' title='bbox 688 4299 810 4381; x_wconf 78' lang='grc' dir='ltr'><em>κύκλον,</em></span> <span class='ocrx_word' id='word_1_254' title='bbox 835 4297 888 4361; x_wconf 88' lang='lat' dir='ltr'><strong>ubi</strong></span> <span class='ocrx_word' id='word_1_255' title='bbox 913 4297 998 4360; x_wconf 81' lang='lat' dir='ltr'><strong>inest</strong></span> <span class='ocrx_word' id='word_1_256' title='bbox 1014 4297 1152 4362; x_wconf 80' lang='lat' dir='ltr'><strong>imitatio</strong></span> 
     </span>
    </p>
   </div>
   <div class='ocr_carea' id='block_1_7' title="bbox 0 0 1422 4934">
    <p class='ocr_par' dir='ltr' id='par_1_11' title="bbox 0 0 1422 4934">
     <span class='ocr_line' id='line_1_34' title="bbox 0 0 1422 4934; baseline 0 0"><span class='ocrx_word' id='word_1_257' title='bbox 0 0 1422 4934; x_wconf 95' lang='lat' dir='ltr'><strong> </strong></span> 
     </span>
    </p>
   </div>
  </div>
 </body>
</html>
