2836 4934
653 269 761 345 ’Άσκιμ
1183 270 1222 332 51

194 520 280 584 Eccl.
306 520 366 585 38:
391 520 404 584 ὁ
427 519 486 600 γὰρ
509 519 597 603 ἀνήρ,
620 520 843 599 Σαλαμίνιος
859 517 918 600 γάρ
934 509 1080 584 ἐστιν)...
1097 516 1225 613 ἥλαιιιὲ

193 643 229 718 μ’
256 641 284 704 ἕν
307 647 367 713 τοῖς
389 638 566 720 στρώμασιν.

237 759 328 833 drea
349 762 575 844 „exercitatio,
593 761 614 825 i.
629 782 656 847 q.
669 759 1039 847 druar14'’legiturapud
1052 752 1225 825 Platonem

192 881 227 944 in
259 881 297 945 fr.
330 883 404 946 234.
437 880 556 946 Forma
587 880 778 946 secundaria
809 881 938 946 videtur
968 882 1055 947 vocis
1083 879 1224 965 ἄσκησις,

193 1021 277 1087 quae
308 1002 475 1068 invenitur
504 1023 556 1088 ap.
587 1001 673 1066 Plat.
704 1003 794 1067 Prot.
827 1003 891 1066 323
917 1002 947 1066 d.
979 1002 1082 1068 Thuc.
1116 1005 1146 1067 5.
1173 1005 1225 1068 67.

192 1121 280 1187 Xen.
304 1123 402 1188 Mem.
430 1126 458 1187 1.
483 1124 513 1188 2.
539 1123 592 1190 24.
617 1121 724 1187 Etiam
747 1121 871 1198 ἄσκημα
894 1124 1014 1210 legitur
1031 1124 1091 1189 hoo
1108 1145 1224 1207 sensu,

193 1242 262 1334 scil.
294 1264 344 1331 ap.
374 1243 461 1308 Xon.
493 1243 566 1330 Oyr.
600 1245 631 1311 7.
663 1245 693 1307 5.
727 1245 779 1308 79.
812 1243 862 1308 De
894 1244 996 1309 formo
1028 1245 1068 1312 cf.
1100 1246 1226 1325 ἁρμογή.
1253 1286 1255 1290 ⁴

194 1364 382 1452 Comparari
413 1370 522 1452 potest
551 1364 674 1442 βλάστη
698 1395 738 1418 =
767 1363 937 1442 βλάστημα
961 1372 994 1430 et
1018 1365 1156 1431 subinde
1183 1397 1223 1420 =

192 1484 374 1561 βλάστησις.

237 1605 398 1672 dealiter
424 1605 608 1688 „sacculus”
631 1605 751 1692 legitur
775 1606 861 1693 apud
884 1582 1053 1694 Aristoph.
1076 1608 1110 1672 in
1135 1608 1221 1673 Eccl.

193 1750 225 1794 v.
258 1729 340 1792 306:
373 1728 401 1792 ἕν
431 1727 549 1808 ἀσκιδίῳ
578 1728 670 1811 Φέραι
693 1729 778 1810 ἄρτοι
802 1724 879 1793 αὖον.
904 1728 963 1793 Est
987 1729 1224 1795 deminutivum

195 1822 397 1922 voosdrach.
429 1849 515 1916 Vide
545 1851 681 1938 praefat.
714 1851 731 1934 5
764 1853 793 1915 7.
819 1851 986 1916 Deminut.
1014 1852 1113 1917 ἀσκίον
1136 1853 1227 1918 inve·

196 1971 286 2035 nitur
309 1992 360 2057 ap.
385 1971 509 2037 Oratet.
535 1991 617 2036 com.
641 1971 679 2055 fr.
705 1972 743 2055 8,
760 1993 788 2035 v.
808 1974 836 2038 1.
861 1972 1056 2058 Diogho.
1077 1972 1136 2056 16,
1160 1994 1225 2037 vox

193 2088 347 2178 primaria
376 2094 465 2164 ἀσκός
496 2113 547 2180 ap.
580 2092 675 2158 Hom.
708 2091 828 2157 Herod.
858 2091 942 2156 Plat.
966 2091 1133 2178 Aristoph.
1157 2092 1226 2156 An·

195 2213 320 2301 tiphon.
344 2213 511 2280 Plutarch.

239 2335 496 2406 ασκοθύλακσιι
531 2333 751 2420 „significatur
781 2355 877 2421 pera,
909 2335 943 2399 in
967 2333 1165 2421 quarinum
1189 2340 1224 2400 eh

193 2456 315 2522 cibaria
345 2454 588 2523 recondebant”
621 2453 815 2544 (hieirak),
842 2455 963 2541 legitur
986 2455 1073 2543 apud
1096 2455 1222 2521 Aristo-

190 2579 332 2665 phanem
362 2579 396 2643 in
423 2579 461 2642 fr.
495 2579 576 2660 174,
603 2576 805 2663 Archippum
828 2577 863 2640 in
888 2575 924 2640 fr.
951 2578 989 2660 4,
1014 2577 1161 2642 Dioclem
1184 2578 1219 2641 in

190 2700 229 2768 fr.
260 2704 288 2766 3.
320 2699 384 2786 (Of.
415 2701 514 2765 etiam
544 2699 676 2765 Alexid.
710 2701 770 2782 84,
796 2698 855 2788 4.).
883 2698 975 2765 Idem
998 2697 1222 2765 videturesse

189 2820 374 2900 ασκστήρα
406 2818 492 2909 apud
523 2818 777 2907 Aristophanem
807 2820 842 2885 in
873 2820 910 2887 fr.
944 2823 1006 2887 577
1042 2819 1098 2910 (cf.
1123 2823 1222 2887 etiam

190 2941 314 3030 Diphil.
346 2946 377 3007 4.
403 2940 512 3030 401.)..
550 2939 636 3007 Vide
660 2941 759 3007 eiiam
782 2962 851 3007 voc.
875 2921 1066 3018 ασκι-τιιτίιιι
1090 2942 1222 3029 (lagena

189 3064 278 3128 corio
307 3062 457 3152 inducta)
489 3061 668 3151 Antiphon.
700 3064 731 3130 3.
763 3064 815 3129 82.
849 3064 900 3129 De
924 3063 1158 3151 compositione
1182 3064 1220 3129 cf.

187 3183 428 3264 βδελλιλιὶρσρξ.
476 3184 562 3250 Vide
585 3185 685 3273 praef.
709 3182 727 3273 ᾗ
751 3185 810 3250 dd.

234 3307 418 3388 ασκστήρα
442 3304 517 3372 vido
541 3304 582 3372 ad
605 3327 676 3372 voc.
699 3307 907 3378 ασκιθύλαιισι.

233 3425 385 3504 ἄσκαμα
415 3448 435 3492 a
465 3426 566 3492 schol.
594 3428 679 3493 Ran.
704 3429 769 3492 364
794 3428 992 3516 explicatur:
1018 3427 1169 3510 διρματιδι
1191 3454 1219 3495 τι

188 3540 208 3628 ᾧ
232 3547 260 3610 ἐι
284 3552 348 3618 ταῖς
370 3548 491 3628 τριήρεσι
513 3553 658 3632 χρῶνται,
683 3551 747 3614 καθ’
763 3545 776 3614 ὃ
793 3553 809 3624 ἡ
827 3549 907 3625 κώπη
923 3548 1085 3624 βάλλεται.
1111 3551 1219 3616 Schol.

189 3666 271 3733 Ach.
304 3670 364 3732 97:
395 3668 468 3745 ἱμας
499 3669 513 3733 ὅ
544 3667 672 3750 συνέχων
704 3672 755 3744 τὴν
786 3670 882 3746 κώπην
913 3669 981 3750 πρὸς
1011 3673 1051 3750 τῷ
1082 3660 1218 3753 σκαλμῷ.

189 3789 271 3854 Poll.
302 3789 330 3854 I.
364 3790 423 3855 88:
456 3787 489 3854 τὸ
512 3789 580 3869 πρὸς
606 3793 686 3871 αὐτῷ
710 3791 749 3871 τῷ
772 3792 898 3871 σκαλμῷ
921 3790 1022 3871 δέρμα.
1046 3791 1120 3856 Non
1144 3812 1220 3856 con·

190 3910 335 3975 sentiunt
366 3911 464 3976 etiam
495 3912 556 3977 viri
588 3909 693 3977 docti:
725 3912 884 3999 Blaydes:
913 3913 1036 3994 „lorum
1060 3919 1127 3997 est,
1153 3935 1217 4000 quo

190 4052 296 4097 remus
320 4033 577 4119 circumligatur,
602 4054 643 4098 ne
666 4034 738 4098 loco
755 4055 814 4098 suo
830 4040 999 4100 moveatur
1015 4033 1217 4120 (τριτατιὶρ)”.

193 4151 391 4239 Stephanus:
428 4153 540 4239 „pellis
572 4154 722 4218 muniens
755 4174 860 4219 remos
892 4175 956 4242 qua
982 4159 1074 4242 parte
1097 4153 1216 4218 scalmo

192 4273 409 4340 incumbunt'’.
436 4275 541 4340 Sensu
565 4275 694 4362 proprio
711 4274 831 4360 legitur
847 4274 1013 4362 Aristoph.
1031 4275 1115 4340 Ran.
1133 4276 1214 4338 364:
